Name,Price,Volume,Last updated
Bitcoin,16866.360753443947,48467769388.66095,2020-11-27T12:14:02.000Z
Ethereum,508.6773198835384,20356903922.908173,2020-11-27T12:14:02.000Z
XRP,0.53245824398719,20954929449.60158,2020-11-27T12:15:03.000Z
Tether,1.0012902494302,85873225432.41347,2020-11-27T12:14:07.000Z
Bitcoin Cash,263.95419123574186,3577413496.393892,2020-11-27T12:14:06.000Z
Chainlink,12.29372815829837,2301069423.564301,2020-11-27T12:14:08.000Z
Litecoin,67.74602934578265,7597740283.131318,2020-11-27T12:15:02.000Z
Cardano,0.13525300990963,1998273000.579093,2020-11-27T12:14:08.000Z
Polkadot,4.72020001708168,1079800861.0615292,2020-11-27T12:15:05.000Z
Binance Coin,27.75284008300964,456726284.5507517,2020-11-27T12:14:06.000Z
Stellar,0.18602541963292,2185314911.44947,2020-11-27T12:15:06.000Z
Bitcoin SV,160.6237263556531,1073303747.5861231,2020-11-27T12:15:06.000Z
USD Coin,1.00059595326702,724764097.8687515,2020-11-27T12:15:05.000Z
EOS,2.83002634004211,5113300338.12048,2020-11-27T12:14:06.000Z
Wrapped Bitcoin,16841.959671297405,64233733.1651063,2020-11-27T12:14:06.000Z
TRON,0.028537740909,1560287235.87523,2020-11-27T12:14:06.000Z
Monero,114.66762140740278,1822496284.278824,2020-11-27T12:15:05.000Z
Tezos,2.25300426117303,397759782.9900269,2020-11-27T12:14:07.000Z
NEM,0.16094763265858,76481668.15952799,2020-11-27T12:14:06.000Z
Crypto.com Coin,0.06242151220866,59796392.83502212,2020-11-27T12:15:06.000Z
UNUS SED LEO,1.32858500432183,17412887.68914995,2020-11-27T12:14:06.000Z
Filecoin,29.6722347938614,166491408.6663497,2020-11-27T12:15:04.000Z
Neo,16.5420435275996,887131812.5632087,2020-11-27T12:15:05.000Z
Cosmos,5.24936571400007,303485893.22536236,2020-11-27T12:14:06.000Z
Dai,1.00329249016964,149704803.3275882,2020-11-27T12:14:06.000Z
VeChain,0.01416831656842,224972624.8877546,2020-11-27T12:15:02.000Z
Dash,89.9184085542513,1078776479.3185446,2020-11-27T12:15:03.000Z
IOTA,0.30276554821947,30633833.87693296,2020-11-27T12:14:06.000Z
Huobi Token,4.00443839869319,163035707.841441,2020-11-27T12:15:05.000Z
Uniswap,3.30466519130795,873918472.239916,2020-11-27T12:14:07.000Z
Revain,0.011658533011,1324934.32908526,2020-11-27T12:15:03.000Z
Aave,61.58067072588357,236474660.1018675,2020-11-27T12:15:03.000Z
Zcash,67.78249488862795,862421703.716086,2020-11-27T12:15:06.000Z
yearn.finance,23651.90556926516,779569404.1528068,2020-11-27T12:14:07.000Z
Ethereum Classic,6.06911740183707,1516508896.5410159,2020-11-27T12:15:04.000Z
Waves,6.52066043500327,113703295.19083117,2020-11-27T12:15:04.000Z
Binance USD,1.0,1252944117.3854523,2020-11-27T12:15:06.000Z
THETA,0.58951227801027,16170787.40780848,2020-11-27T12:15:04.000Z
Celsius,2.19903636728606,4541773.93537531,2020-11-27T12:14:05.000Z
Maker,519.5034190718293,61646490.28874737,2020-11-27T12:15:05.000Z
OMG Network,3.4734984817993,321353174.6546244,2020-11-27T12:14:07.000Z
Ontology,0.5397924829067,261447396.94903618,2020-11-27T12:15:06.000Z
Synthetix,4.04952796042458,81292235.36593626,2020-11-27T12:15:05.000Z
Compound,103.13215648852226,134737573.62255728,2020-11-27T12:15:06.000Z
UMA,7.47224690471178,8014380.4814928,2020-11-27T12:15:05.000Z
Dogecoin,0.00317718964696,123892884.49156778,2020-11-27T12:15:03.000Z
Kusama,46.20910893630957,88881686.78841257,2020-11-27T12:14:07.000Z
FTX Token,3.87183385288688,13645036.67250659,2020-11-27T12:15:03.000Z
Algorand,0.29309065301517,122516474.52463724,2020-11-27T12:14:07.000Z
Basic Attention Token,0.2179262740193,190001254.60524136,2020-11-27T12:15:06.000Z
OKB,5.18519067777279,116572673.01111764,2020-11-27T12:14:06.000Z
BitTorrent,0.00030381859376,112322233.2796063,2020-11-27T12:15:06.000Z
DigiByte,0.02167857755842,11964083.86723261,2020-11-27T12:15:03.000Z
TrueUSD,1.00117737183099,130819679.48095298,2020-11-27T12:15:06.000Z
0x,0.39387791060318,571341789.347398,2020-11-27T12:14:07.000Z
Ren,0.30530432651837,41023347.70864459,2020-11-27T12:15:05.000Z
Zilliqa,0.02381350117424,61251374.57534605,2020-11-27T12:15:05.000Z
Paxos Standard,1.00511680715346,293765751.08998436,2020-11-27T12:15:04.000Z
HUSD,1.00285578775889,85149829.67272164,2020-11-27T12:15:07.000Z
Qtum,2.46061616342722,616997432.561292,2020-11-27T12:14:05.000Z
Decred,19.41900860315479,7574137.68377032,2020-11-27T12:15:03.000Z
ICON,0.39170378346598,24532753.77090402,2020-11-27T12:15:03.000Z
Celo,1.79800786319397,2688014.45836403,2020-11-27T12:15:05.000Z
SushiSwap,1.39697802505315,183999368.7419065,2020-11-27T12:15:06.000Z
HedgeTrade,0.60088957094777,386894.91276711,2020-11-27T12:14:06.000Z
Hedera Hashgraph,0.03193844164211,18126534.35984135,2020-11-27T12:14:05.000Z
Loopring,0.16748603405164,28735933.73716474,2020-11-27T12:14:08.000Z
Kyber Network,0.94436189447801,46919820.61501256,2020-11-27T12:14:07.000Z
Ampleforth,1.208444516743,5954804.8948538,2020-11-27T12:14:08.000Z
NEAR Protocol,0.96194089088761,43466546.5203011,2020-11-27T12:15:05.000Z
Energy Web Token,6.15787428380908,449127.503879,2020-11-27T12:15:03.000Z
ABBC Coin,0.22537521503897,34855160.86294086,2020-11-27T12:15:04.000Z
Ocean Protocol,0.42059084255624,22751383.12352148,2020-11-27T12:14:06.000Z
Reserve Rights,0.01846366060559,68960316.89158726,2020-11-27T12:14:06.000Z
Blockstack,0.23915013034911,3867272.33026948,2020-11-27T12:14:07.000Z
Augur,14.53652800054756,9704476.2249899,2020-11-27T12:15:03.000Z
Nano,1.14243060033815,21907986.62493987,2020-11-27T12:15:06.000Z
Lisk,1.18875069781093,3294850.28090222,2020-11-27T12:15:03.000Z
Quant,12.50862909096741,3680271.24328196,2020-11-27T12:15:03.000Z
Bitcoin Gold,8.57928857741799,11304358.27929613,2020-11-27T12:15:02.000Z
Terra,0.37246901727226,17308338.17117353,2020-11-27T12:15:03.000Z
Siacoin,0.00290871163986,4746067.05711947,2020-11-27T12:15:02.000Z
Nexo,0.23054344679425,9447812.76043617,2020-11-27T12:14:06.000Z
Status,0.03695721656798,22147973.55295608,2020-11-27T12:14:05.000Z
Horizen,12.00104145491738,19379621.27150888,2020-11-27T12:14:05.000Z
Aragon,3.1640304497975,30011779.64704109,2020-11-27T12:14:05.000Z
ZB Token,0.26840756688612,10563923.72830586,2020-11-27T12:15:04.000Z
Elrond,8.82382771270479,16274412.36884882,2020-11-27T12:14:06.000Z
Band Protocol,5.70106132878216,86765376.02908672,2020-11-27T12:15:06.000Z
Numeraire,26.49355861296076,9425600.86920946,2020-11-27T12:14:06.000Z
THORChain,0.72739761724656,13879981.38467927,2020-11-27T12:15:03.000Z
Decentraland,0.07727415826349,33253659.82614619,2020-11-27T12:14:06.000Z
Enjin Coin,0.13614249661385,11609871.10638802,2020-11-27T12:15:03.000Z
Verge,0.00642055500058,8314113.48512934,2020-11-27T12:15:07.000Z
Ravencoin,0.01363074416586,8265696.72674698,2020-11-27T12:15:05.000Z
NXM,20.68922581906177,13464171.08962847,2020-11-27T12:15:07.000Z
Bitcoin Diamond,0.52677376733875,3154032.94526864,2020-11-27T12:15:03.000Z
Orchid,0.26643928489042,8824012.61200177,2020-11-27T12:14:06.000Z
Golem,0.10431473298721,6069519.64462403,2020-11-27T12:15:06.000Z
CyberVein,0.08960147076579,6076621.98134578,2020-11-27T12:15:06.000Z
DxChain Token,0.00186340682251,497465.18375707,2020-11-27T12:15:03.000Z
Holo,0.00055245756886,7278134.75460246,2020-11-27T12:15:07.000Z
Balancer,12.89175847121637,82480547.70548066,2020-11-27T12:14:05.000Z
SwissBorg,0.09583899190843,710727.10509879,2020-11-27T12:15:06.000Z
Bytom,0.06369639787991,12800051.82850889,2020-11-27T12:14:07.000Z
MonaCoin,1.31901631035931,4899545.01006231,2020-11-27T12:15:03.000Z
Avalanche,3.52329482417444,27435682.86917542,2020-11-27T12:14:06.000Z
Solana,1.84421276566297,17482767.76851185,2020-11-27T12:15:04.000Z
Matic Network,0.01756686064416,15905449.00140022,2020-11-27T12:14:06.000Z
IOST,0.00543170069631,40294737.40537208,2020-11-27T12:15:04.000Z
Bancor,0.95203345687061,53597429.05954506,2020-11-27T12:14:05.000Z
Nervos Network,0.00380386043261,8727917.07988416,2020-11-27T12:14:06.000Z
Helium,1.34498388232001,889469.40197766,2020-11-27T12:15:05.000Z
Arweave,2.27331380165437,3228901.54824452,2020-11-27T12:15:07.000Z
Curve DAO Token,0.56295768857633,57687599.60179912,2020-11-27T12:15:05.000Z
Swipe,0.9503557708126,109773554.45952529,2020-11-27T12:15:03.000Z
The Midas Touch Gold,0.01019619832613,6615468.57475187,2020-11-27T12:15:05.000Z
PAX Gold,1810.7772137043905,2059502.26207507,2020-11-27T12:15:06.000Z
Kava.io,1.54308174981078,27317431.5630114,2020-11-27T12:14:06.000Z
iExec RLC,0.88856824923622,2707331.00727718,2020-11-27T12:14:06.000Z
IoTeX,0.00737801504202,6459467.79910711,2020-11-27T12:14:06.000Z
Stratis,0.67865443868744,16617754.43506213,2020-11-27T12:15:04.000Z
DFI.Money,1752.492993064474,238398724.7705155,2020-11-27T12:14:06.000Z
MaidSafeCoin,0.14374467951769,501405.80221621,2020-11-27T12:15:04.000Z
Storj,0.32490486043631,23238759.13322708,2020-11-27T12:14:06.000Z
Gnosis,58.84242324891851,388100.22627003,2020-11-27T12:15:06.000Z
BitShares,0.02167985077171,11156240.4116246,2020-11-27T12:15:05.000Z
RSK Infrastructure Framework,0.09655283764706,665730.92818068,2020-11-27T12:14:06.000Z
KuCoin Shares,0.7918278901072,7392763.28082094,2020-11-27T12:15:02.000Z
Komodo,0.51792176493843,4989771.71960524,2020-11-27T12:15:06.000Z
Steem,0.16148589408051,3042245.10083615,2020-11-27T12:15:04.000Z
Divi,0.03097105534044,293909.00615931,2020-11-27T12:15:05.000Z
Wanchain,0.36659415163424,4636949.33816536,2020-11-27T12:14:05.000Z
Velas,0.02978537683839,1267389.14102647,2020-11-27T12:14:06.000Z
Ardor,0.06065554945849,6298466.32989126,2020-11-27T12:15:04.000Z
Penta,0.00301308263377,490423.15180374,2020-11-27T12:15:06.000Z
Chiliz,0.01161172378826,10298701.19933124,2020-11-27T12:14:07.000Z
Kleros,0.09926563812712,12129801.06466187,2020-11-27T12:15:05.000Z
IRISnet,0.06240423107436,5112659.3277509,2020-11-27T12:14:07.000Z
Utrust,0.11989647597692,2640500.46133357,2020-11-27T12:15:04.000Z
Unibright,0.35229642254155,1454872.06408935,2020-11-27T12:14:05.000Z
aelf,0.09541712200538,11992985.71144151,2020-11-27T12:15:04.000Z
Ankr,0.00872969020089,11491248.37805292,2020-11-27T12:14:05.000Z
Civic,0.07495128733408,16777767.15269861,2020-11-27T12:14:07.000Z
WAX,0.03558340184908,1270484.82573227,2020-11-27T12:15:04.000Z
Serum,0.97569815104708,46993901.82294099,2020-11-27T12:15:02.000Z
Hive,0.11831936155622,4310536.24097216,2020-11-27T12:15:04.000Z
Electroneum,0.00476046433313,1471283.99437015,2020-11-27T12:15:03.000Z
TomoChain,0.63728755292258,5764722.69413648,2020-11-27T12:15:07.000Z
JUST,0.02086309052869,82376078.9960175,2020-11-27T12:15:05.000Z
Ark,0.37728547498479,3401887.14835806,2020-11-27T12:15:06.000Z
Uquid Coin,4.65353132616984,8149242.92517856,2020-11-27T12:15:03.000Z
Energi,1.29743861759724,2603697.81297404,2020-11-27T12:15:03.000Z
Theta Fuel,0.00923000604708,3495240.86133047,2020-11-27T12:14:07.000Z
Syscoin,0.07570617356538,1469567.5320668,2020-11-27T12:15:06.000Z
Fantom,0.01776945208545,8835641.14088945,2020-11-27T12:15:05.000Z
QuarkChain,0.0048343073381,1723767.06843901,2020-11-27T12:14:07.000Z
SUN,9.3783181050173,82051429.55963305,2020-11-27T12:14:07.000Z
ShareToken,0.02177761546533,2021809.6784513,2020-11-27T12:15:03.000Z
SingularityNET,0.04948688332053,432453.64651634,2020-11-27T12:15:05.000Z
OriginTrail,0.1253015020068,243872.32936003,2020-11-27T12:15:05.000Z
Zcoin,3.68837509705198,6656232.59166903,2020-11-27T12:15:05.000Z
MCO,2.5590529480972,35845486.60099307,2020-11-27T12:14:07.000Z
Pundi X,0.00017601342267,2283234.48453257,2020-11-27T12:15:06.000Z
HyperCash,0.89928587059892,12221771.52538862,2020-11-27T12:14:06.000Z
Power Ledger,0.0928596488415,2224992.18916753,2020-11-27T12:15:03.000Z
DIA,1.39813868437516,18296238.6377419,2020-11-27T12:14:07.000Z
Aeternity,0.11792664509128,11609213.9833343,2020-11-27T12:14:06.000Z
Hyperion,0.11929849275461,76529.23057362,2020-11-27T12:15:06.000Z
STASIS EURO,1.15736487817327,1162260.86584407,2020-11-27T12:14:07.000Z
Loki,0.70760228525649,123621.88978917,2020-11-27T12:14:05.000Z
Tellor,23.09072141610863,52857500.48446842,2020-11-27T12:14:07.000Z
xDai,10.80929378613999,2437940.88641995,2020-11-27T12:15:06.000Z
Fetch.ai,0.04798074903275,6044654.23465836,2020-11-27T12:15:07.000Z
Travala.com,0.83019635439534,1220099.87543454,2020-11-27T12:14:05.000Z
Ultra,0.1229122847213,605172.30800629,2020-11-27T12:15:03.000Z
SOLVE,0.09115354418066,984083.50792294,2020-11-27T12:14:05.000Z
Hxro,0.18945704170366,260267.57314134,2020-11-27T12:14:06.000Z
GateToken,0.45348260187829,14872166.56096124,2020-11-27T12:15:03.000Z
Handshake ,0.10070922849654,601083.14012282,2020-11-27T12:15:03.000Z
Voyager Token,0.1513510957104,550366.6018639,2020-11-27T12:14:06.000Z
Polymath,0.06302125417767,5495358.59340921,2020-11-27T12:15:05.000Z
Keep3rV1,168.07300615503965,7521473.81225254,2020-11-27T12:15:05.000Z
Aion,0.07007741814451,4622057.12080104,2020-11-27T12:15:03.000Z
WaykiChain,0.17554812363098,2864534.28130243,2020-11-27T12:15:04.000Z
NOIA Network,0.10187179455885,512378.20443077,2020-11-27T12:15:03.000Z
LTO Network,0.11779712389545,10781950.78485202,2020-11-27T12:14:05.000Z
Harmony,0.00509768142095,6094952.27080467,2020-11-27T12:14:06.000Z
v.systems,0.01447821526271,5226568.75049492,2020-11-27T12:15:07.000Z
Haven Protocol,2.20001376870805,2966440.55090912,2020-11-27T12:14:06.000Z
Switcheo,0.02811499947045,238374.7900291,2020-11-27T12:14:06.000Z
bZx Protocol,0.21293755880873,16914248.20042802,2020-11-27T12:14:06.000Z
ReddCoin,0.00103442805466,198961.75023019,2020-11-27T12:15:03.000Z
Super Zero Protocol,0.09938310995823,3833987.44129121,2020-11-27T12:14:08.000Z
Orbs,0.0133829676345,284504.75569565,2020-11-27T12:14:07.000Z
district0x,0.04898015126032,5938476.27901697,2020-11-27T12:14:06.000Z
Thunder Token,0.00477517506217,4690466.60978199,2020-11-27T12:14:06.000Z
AdEx Network,0.26135296201927,1396165.4523148,2020-11-27T12:14:06.000Z
TrustSwap,0.41854308478168,1181005.18344426,2020-11-27T12:14:06.000Z
Elastos,1.58443799638605,1051124.10940954,2020-11-27T12:15:05.000Z
Tixl,36.07869210791253,2402.45768982,2020-11-27T12:15:05.000Z
Counos X,83.81142518853503,535930.58575655,2020-11-27T12:15:05.000Z
IZE,0.34533499412598,30997.82460553,2020-11-27T12:15:06.000Z
CryptalDash,0.83767535416606,0.0,2020-11-27T12:15:04.000Z
HEX,0.00324066441761,4437901.43490794,2020-11-27T12:14:07.000Z
INO COIN,2.71685785216639,405405.44112512,2020-11-27T12:15:03.000Z
Insight Chain,1.15724647418298,2891336.15983799,2020-11-27T12:15:03.000Z
Homeros,0.98364706108896,14649381.74845876,2020-11-27T12:15:03.000Z
BitcoinPoS,90.73388819088493,703801.61962082,2020-11-27T12:14:06.000Z
Bitcoin Cash ABC,17.75687032568373,2042849.04469354,2020-11-27T12:15:05.000Z
ThoreCoin,3288.165562581924,32352.0355783,2020-11-27T12:15:03.000Z
Creditcoin,0.5270136377567,3720660.32921249,2020-11-27T12:15:03.000Z
renBTC,16786.97124366395,193553.20985753,2020-11-27T12:15:06.000Z
Zelwin,4.32545582720591,340975.67751806,2020-11-27T12:15:06.000Z
Basid Coin,0.73362376067373,1513931.06171624,2020-11-27T12:14:08.000Z
Cipher Core Token,33.41937421935742,86316.62864203,2020-11-27T12:14:06.000Z
TNC Coin,0.10262940547589,5029699.12073476,2020-11-27T12:15:05.000Z
ONOToken,0.01321051244835,3.3025136,2020-11-27T12:14:06.000Z
botXcoin,0.1285287565816,145132.35000288,2020-11-27T12:14:06.000Z
Vitae,9.51467509914844,1214475.81632466,2020-11-27T12:14:07.000Z
Largo Coin,9.98110206948645,1687192.26980085,2020-11-27T12:15:03.000Z
Poseidon Network,0.07872400377622,1770338.5706784,2020-11-27T12:15:06.000Z
MINDOL,1.06149647165817,93714.92571139,2020-11-27T12:15:03.000Z
Doctors Coin,0.68974133516387,12699.22394575,2020-11-27T12:14:06.000Z
Bitball Treasure,335.21835380325183,49.28372273,2020-11-27T12:15:03.000Z
DeFiChain,0.30502008724354,4859533.82655118,2020-11-27T12:14:06.000Z
Sologenic,0.58020328535952,444241.76655051,2020-11-27T12:15:03.000Z
STPAY,25.05596486860737,3582.34876068,2020-11-27T12:14:06.000Z
YUSRA,3.0776939766965,109642.09457503,2020-11-27T12:14:06.000Z
TerraKRW,0.00090109029514,33720.56920283,2020-11-27T12:14:07.000Z
Cryptonex,1.90149852294296,766715.29993728,2020-11-27T12:14:07.000Z
Strong,32.20095294634633,152675.45762435,2020-11-27T12:15:05.000Z
Neutrino USD,1.0000881953194,3703609.02215216,2020-11-27T12:14:07.000Z
Bithao,2.2168325683875,4892758.1986,2020-11-27T12:15:05.000Z
Helper Search Token,0.01145564383749,0.0,2020-11-27T12:15:04.000Z
XinFin Network,0.00782077222848,2231193.64863521,2020-11-27T12:15:06.000Z
NewYork Exchange,13.12751531025166,427427.60258174,2020-11-27T12:15:04.000Z
Idea Chain Coin,1.78274376304722,563138.09728078,2020-11-27T12:15:05.000Z
Bitcoin BEP2,16780.055146559433,4819.42297294,2020-11-27T12:14:08.000Z
Huobi BTC,17083.74444418132,2484.08781262,2020-11-27T12:14:07.000Z
Mixin,148.6810910681702,243174.04973737,2020-11-27T12:15:04.000Z
Metacoin,0.06982673351926,99636.24898917,2020-11-27T12:15:05.000Z
GreenPower,0.0221191106095,1665.39393403,2020-11-27T12:14:06.000Z
Qcash,0.15313007507021,840102925.527079,2020-11-27T12:15:04.000Z
Beldex,0.07119042370326,51147.88869867,2020-11-27T12:14:07.000Z
Tratin,0.00060170556525,0.0,2020-11-27T12:14:08.000Z
Mobilian Coin,0.5704553278959,1943113.50346151,2020-11-27T12:14:08.000Z
Joule,0.0640770725016,0.0,2020-11-27T12:14:07.000Z
Baer Chain,0.36347740578128,6183.11350068,2020-11-27T12:15:06.000Z
NEST Protocol,0.03694304759576,21908648.09826934,2020-11-27T12:14:06.000Z
Keep Network,0.28930069153261,394802.20332043,2020-11-27T12:15:05.000Z
Attila,0.13790435033482,621945.12900336,2020-11-27T12:15:06.000Z
The Transfer Token,1.38611549563938,2116544.1325937,2020-11-27T12:15:05.000Z
Bitbook Gambling,0.17084470584623,3143.54230886,2020-11-27T12:14:08.000Z
BASIC,0.02211899221846,5280170.83473676,2020-11-27T12:15:04.000Z
Amp,0.00612017026087,177414.42777993,2020-11-27T12:14:07.000Z
Darma Cash,0.25948347432016,114491.07119626,2020-11-27T12:15:06.000Z
MATH,0.47868661357137,512259.94248345,2020-11-27T12:15:05.000Z
MimbleWimbleCoin,4.87607387517665,436356.50915142,2020-11-27T12:14:08.000Z
Oasis Network,0.03374158936307,4911292.1900633,2020-11-27T12:15:06.000Z
Bitpanda Ecosystem Token,0.12400687923032,111050.49176127,2020-11-27T12:15:04.000Z
Hegic,0.21973791556979,2633362.6834311,2020-11-27T12:14:06.000Z
Nexxo,0.22767651748877,23405.73623316,2020-11-27T12:14:06.000Z
Chimpion,1.50832179288128,390291.97363238,2020-11-27T12:14:06.000Z
WhiteCoin,0.18806522006293,28650.79807778,2020-11-27T12:15:05.000Z
Counos Coin,3.14187301230586,6915.22704915,2020-11-27T12:15:02.000Z
Tap,0.03658272231713,475889.90124158,2020-11-27T12:14:07.000Z
Centrality,0.03831446550038,51544.26635827,2020-11-27T12:15:07.000Z
AXEL,0.17137494710347,177889.33596399,2020-11-27T12:15:03.000Z
Breezecoin,0.42804040641649,26040.26395768,2020-11-27T12:15:05.000Z
Wrapped BNB,27.57038548298368,264921.46280442,2020-11-27T12:15:02.000Z
Orbit Chain,0.0933355242219,1296970.06814887,2020-11-27T12:15:03.000Z
Sora,118.24425278222733,2938568.83681551,2020-11-27T12:14:05.000Z
Alpha Finance Lab,0.23289767148647,22493635.65726604,2020-11-27T12:15:03.000Z
Elitium,1.25966532341426,136675.22998949,2020-11-27T12:14:06.000Z
Bloomzed Loyalty Club Ticket,0.9914858263604,8539.07972051,2020-11-27T12:15:04.000Z
BTU Protocol,0.39744757332686,90091.17457658,2020-11-27T12:14:05.000Z
XeniosCoin,0.46059617860376,273138.37858231,2020-11-27T12:14:07.000Z
Harvest Finance,108.04937740521007,1509729.17716156,2020-11-27T12:14:06.000Z
1irstcoin,0.95630726296743,61151.15724474,2020-11-27T12:14:07.000Z
cVault.finance,3364.451408094237,1595338.10709846,2020-11-27T12:15:03.000Z
Hellenic Coin,0.47680186137291,80193.7071946,2020-11-27T12:14:07.000Z
VestChain,0.00556458787514,7235.5877658,2020-11-27T12:15:06.000Z
STEM CELL COIN,0.10148145063175,190791.42989659,2020-11-27T12:14:06.000Z
mStable USD,0.9962766591462,1396446.41837179,2020-11-27T12:14:05.000Z
S4FE,0.03637615825358,659863.7997387,2020-11-27T12:14:06.000Z
Everus,0.06947303650173,20.6897463,2020-11-27T12:15:02.000Z
YF Link,649.7804824718115,7170255.01612582,2020-11-27T12:15:04.000Z
CRYPTO20,0.79578141935206,5107.45909628,2020-11-27T12:15:05.000Z
ExtStock Token,0.05324756395299,0.0,2020-11-27T12:15:03.000Z
TitanSwap,0.60183202822732,3467601.51463456,2020-11-27T12:15:03.000Z
NerveNetwork,0.12644494349587,124600.69458907,2020-11-27T12:14:06.000Z
Rocket Pool,2.97494881107534,847527.08199405,2020-11-27T12:14:06.000Z
UNI COIN,0.49864254421624,0.0,2020-11-27T12:15:02.000Z
TrustToken,0.11895663845622,543954.98564513,2020-11-27T12:15:06.000Z
Ultiledger,0.01248848576872,64402.67277321,2020-11-27T12:14:06.000Z
Cryptoindex.com 100,0.46430097792035,294.80476263,2020-11-27T12:14:07.000Z
KardiaChain,0.01637248809646,1049875.91208642,2020-11-27T12:15:05.000Z
USDK,1.00066178728237,143298626.16120926,2020-11-27T12:14:07.000Z
Flexacoin,0.00400211126427,13511.89334804,2020-11-27T12:14:06.000Z
TROY,0.00279379077307,743200.36915694,2020-11-27T12:14:06.000Z
Bytecoin,0.00014850958116,37229.63538569,2020-11-27T12:15:05.000Z
Melon,26.28937213177333,1861613.30863629,2020-11-27T12:15:05.000Z
Bankera,0.00110314929011,14311.74548154,2020-11-27T12:14:06.000Z
Kin,1.80011522e-05,233765.19640058,2020-11-27T12:14:08.000Z
Streamr,0.03891673261715,808888.65810006,2020-11-27T12:15:03.000Z
Nectar,0.17009391824723,27956.50575444,2020-11-27T12:15:06.000Z
Flamingo,0.17793687560619,7501666.35712289,2020-11-27T12:14:07.000Z
GXChain,0.3790597100427,3692257.60377571,2020-11-27T12:14:06.000Z
ASTA,0.03423573658828,1744005.60138908,2020-11-27T12:15:04.000Z
PlayFuel,0.05255445743725,11786262.34910587,2020-11-27T12:14:07.000Z
Metaverse Dualchain Network Architecture,0.00134658563466,339303.96658817,2020-11-27T12:15:03.000Z
Zynecoin,1.1894149061454,183619.366573,2020-11-27T12:14:06.000Z
BHEX Token,0.1351650891392,215047.69209801,2020-11-27T12:15:03.000Z
Wirex Token,0.00832254577583,4514027.94986675,2020-11-27T12:14:07.000Z
Orion Protocol,2.0671668868525,4772579.16263034,2020-11-27T12:15:06.000Z
Digitex Futures,0.02751599970666,2490965.48644157,2020-11-27T12:14:06.000Z
Waltonchain,0.35434070348738,2580857.55036481,2020-11-27T12:14:07.000Z
NULS,0.25221896387899,9518721.57042661,2020-11-27T12:15:03.000Z
The Sandbox,0.04012763650328,8479098.79010111,2020-11-27T12:15:03.000Z
FunFair,0.00381234107966,603102.33675218,2020-11-27T12:14:06.000Z
MXC,0.00990061695002,4553761.26670081,2020-11-27T12:15:06.000Z
BOSAGORA,0.08284145566924,219794.87854745,2020-11-27T12:15:03.000Z
WINk,7.840189959e-05,1319422.77914972,2020-11-27T12:15:03.000Z
Gem Exchange And Trading,0.57079516120382,2190058.86433363,2020-11-27T12:15:03.000Z
COTI,0.04301340439751,9896981.03834484,2020-11-27T12:14:08.000Z
Buggyra Coin Zero,0.01214140662565,4295.88416152,2020-11-27T12:15:05.000Z
NuCypher,0.06464265529924,973449.52927955,2020-11-27T12:15:07.000Z
Livepeer,1.14815996490361,891308.26197061,2020-11-27T12:15:06.000Z
CertiK,1.00580649615378,2447498.48383493,2020-11-27T12:14:05.000Z
BitMax Token,0.03639708381632,2523566.77893356,2020-11-27T12:15:06.000Z
Loom Network,0.02480795910913,6106368.32764662,2020-11-27T12:15:05.000Z
Origin Protocol,0.14781605773701,9900470.92364785,2020-11-27T12:14:07.000Z
DAD,0.17394932569067,1539778.40446019,2020-11-27T12:14:07.000Z
PIVX,0.35994724735498,1167785.19795845,2020-11-27T12:15:03.000Z
Native Utility Token,23.48499478088124,462.07583413,2020-11-27T12:14:07.000Z
USDX [Kava],0.92769541609708,1639551.92653995,2020-11-27T12:15:05.000Z
VIDT Datalink,0.46451334999732,850228.25131303,2020-11-27T12:14:07.000Z
VeThor Token,0.0007609341601,1720033.17085672,2020-11-27T12:14:07.000Z
AgaveCoin,0.05783217334225,16240.83680437,2020-11-27T12:15:06.000Z
REPO,0.20461005640764,0.0,2020-11-27T12:14:06.000Z
sUSD,1.00128516643491,333683.23549745,2020-11-27T12:14:07.000Z
Dynamic Trading Rights,0.01381609365938,48743.77943538,2020-11-27T12:15:04.000Z
ChainX,2.90610729012306,1148256.41555948,2020-11-27T12:15:03.000Z
Request,0.022372438262,304965.25885833,2020-11-27T12:15:03.000Z
Trust Wallet Token,0.08763997164243,375405.3077282,2020-11-27T12:14:06.000Z
Nash Exchange,0.74691358543679,36848.43856385,2020-11-27T12:14:05.000Z
MX Token,0.14351588085091,4029031.03055844,2020-11-27T12:14:08.000Z
Rakon,0.0893908348097,1367322.30649235,2020-11-27T12:14:07.000Z
Mainframe,0.0021307469164,1423759.01597234,2020-11-27T12:14:06.000Z
Newscrypto,0.222083157946,535579.18902743,2020-11-27T12:14:07.000Z
Bonorum,31.58527527478694,0.0,2020-11-27T12:15:04.000Z
Metal,0.31520198958904,1893494.78833819,2020-11-27T12:14:06.000Z
Everipedia,0.00218343022078,1084524.02218356,2020-11-27T12:14:06.000Z
IDEX,0.03862575540401,448841.01020831,2020-11-27T12:14:06.000Z
Celer Network,0.00509415995466,4168934.94060968,2020-11-27T12:14:06.000Z
Xensor,0.00438116025524,1139230.89759717,2020-11-27T12:14:06.000Z
Huobi Pool Token,0.00386039571559,818889.62615082,2020-11-27T12:14:05.000Z
VerusCoin,0.33564922548452,34546.48458465,2020-11-27T12:14:07.000Z
BORA,0.02538933329056,1569577.98909449,2020-11-27T12:14:06.000Z
Beam,0.26342980527712,13938321.85019853,2020-11-27T12:14:05.000Z
YAM v1,0.69180115504161,1022.22133465,2020-11-27T12:15:05.000Z
Cortex,0.07935300842665,3072244.96243568,2020-11-27T12:15:06.000Z
ARPA Chain,0.0206927330247,17010790.48909421,2020-11-27T12:14:07.000Z
Akropolis,0.0085647119696,6492475.48404284,2020-11-27T12:15:03.000Z
Secret,0.34571605130171,277136.84397777,2020-11-27T12:15:06.000Z
WOM Protocol,0.19374281010833,2110144.36125498,2020-11-27T12:15:04.000Z
BigONE Token,0.00203486901889,893153.78376278,2020-11-27T12:15:04.000Z
Ripio Credit Network,0.03745661112859,262603.94040517,2020-11-27T12:15:03.000Z
Venus,2.96180952494352,5975518.98585158,2020-11-27T12:15:03.000Z
Axie Infinity,0.34716112513663,3718326.7921633,2020-11-27T12:14:05.000Z
Hashgard,0.00018298072818,102335.13628258,2020-11-27T12:14:08.000Z
Quantstamp,0.02561229001461,292407.91854219,2020-11-27T12:15:04.000Z
Bluzelle,0.07161909705835,3385320.34600694,2020-11-27T12:15:05.000Z
WazirX,0.07654012804672,1456037.41996992,2020-11-27T12:15:03.000Z
Audius,0.15263581690403,6515221.35814366,2020-11-27T12:15:04.000Z
Ignis,0.0233783232583,1734633.13156815,2020-11-27T12:15:03.000Z
GNY,0.09118971360486,51988.76174818,2020-11-27T12:14:06.000Z
Nebulas,0.30511970261638,2421706.12244075,2020-11-27T12:14:07.000Z
TerraUSD,1.0008299481134,8850474.29785644,2020-11-27T12:14:07.000Z
Nimiq,0.00250733132229,1274027.31647274,2020-11-27T12:14:06.000Z
Sport and Leisure,0.02548450252491,480687.09577885,2020-11-27T12:14:07.000Z
PancakeSwap,0.28277931366452,267552.09634498,2020-11-27T12:15:02.000Z
Cindicator,0.00863862155371,90418.43160276,2020-11-27T12:14:08.000Z
Davinci Coin,0.00369997899359,9430606.72949635,2020-11-27T12:15:03.000Z
OctoFi,29.80069961710028,1491406.50236092,2020-11-27T12:15:02.000Z
YEP COIN,3.5441380862223,1048.87298342,2020-11-27T12:15:06.000Z
Etherisc DIP Token,0.09854817001298,23645.38306179,2020-11-27T12:15:05.000Z
ThoreNext,0.34888279738369,3069.48894113,2020-11-27T12:14:07.000Z
Wixlar,0.00699255142347,3038.34044694,2020-11-27T12:15:05.000Z
StormX,0.00222785097817,1655181.32529114,2020-11-27T12:15:03.000Z
Klever,0.00404640647099,118156.11511913,2020-11-27T12:15:06.000Z
Crypterium,0.19547841850216,273779.43584918,2020-11-27T12:15:05.000Z
CONUN,0.00576014535933,320166.1095597,2020-11-27T12:14:07.000Z
Dent,0.00019083227404,572699.68839749,2020-11-27T12:14:07.000Z
Pirate Chain,0.09470971403367,1980883.49462833,2020-11-27T12:14:07.000Z
Celo Dollar,1.00149988237666,272861.83274792,2020-11-27T12:15:03.000Z
Perpetual Protocol,1.07951210906768,1294512.76359981,2020-11-27T12:14:07.000Z
PowerPool,2.73082540956305,15020056.19977232,2020-11-27T12:15:07.000Z
Grin,0.27282780912477,3476505.93547912,2020-11-27T12:15:06.000Z
New Year Bull,0.07612667093648,0.0,2020-11-27T12:14:07.000Z
CONTRACOIN,0.60562646121876,164413.636903,2020-11-27T12:15:04.000Z
Obyte,20.98341077947402,8876.38606729,2020-11-27T12:15:06.000Z
PARSIQ,0.15289499428059,374072.91725644,2020-11-27T12:15:04.000Z
Levolution,0.25892398199051,314934.13479867,2020-11-27T12:15:03.000Z
Dragonchain,0.04244386859988,63859.36908675,2020-11-27T12:15:03.000Z
TrueChain,0.19414696948864,4853353.34727341,2020-11-27T12:15:05.000Z
FNB Protocol,0.0064595786554,380582.194316,2020-11-27T12:14:06.000Z
Beowulf,0.01501923303334,34522.34404468,2020-11-27T12:15:02.000Z
12Ships,0.00307557301077,304047.10467741,2020-11-27T12:15:04.000Z
Gemini Dollar,1.00739475694067,1657471.63612905,2020-11-27T12:15:04.000Z
SALT,0.19287890362029,51334.7297276,2020-11-27T12:14:07.000Z
Groestlcoin,0.19620058319732,2767842.36462833,2020-11-27T12:15:04.000Z
DMM: Governance,0.31299582608198,1142062.22516606,2020-11-27T12:15:06.000Z
Injective Protocol,1.05511565657168,4884268.78060475,2020-11-27T12:15:03.000Z
BitcoinHD,2.44721000932189,5798260.41247092,2020-11-27T12:14:08.000Z
Dusk Network,0.05030802454954,729028.18130919,2020-11-27T12:14:07.000Z
B2BX,0.75096768707265,1692.1588032,2020-11-27T12:15:03.000Z
Nexalt,0.746430840736,223238.10836843,2020-11-27T12:15:06.000Z
HARD Protocol,0.42043624001055,1842559.13542675,2020-11-27T12:15:05.000Z
Proton,0.00726476693965,721907.50783147,2020-11-27T12:15:04.000Z
Einsteinium,0.06485550358059,1468759.83027563,2020-11-27T12:15:04.000Z
MVL,0.00137778976975,2249497.45727047,2020-11-27T12:14:06.000Z
Gas,1.40969066096358,5483051.46287182,2020-11-27T12:14:07.000Z
Zap,0.05904797763992,830629.44889076,2020-11-27T12:15:05.000Z
Function X,0.06143070640692,399885.73562934,2020-11-27T12:14:06.000Z
Stakenet,0.12852166095776,852378.72653659,2020-11-27T12:15:06.000Z
Invictus Hyperion Fund,0.11818228814025,12422.75772428,2020-11-27T12:15:04.000Z
DigixDAO,97.6749401014164,195273.34409589,2020-11-27T12:15:03.000Z
PRIZM,0.00589008075108,518599.22877941,2020-11-27T12:14:06.000Z
Molecular Future,0.1598009546502,436680.10178451,2020-11-27T12:15:05.000Z
Aurora,0.0020679903096,8720051.8511245,2020-11-27T12:14:06.000Z
LBRY Credits,0.02656775583303,860713.77017233,2020-11-27T12:15:04.000Z
Dinastycoin,0.00675616260268,12983.82963626,2020-11-27T12:14:05.000Z
Standard Tokenization Protocol,0.01455419705811,1660582.87646438,2020-11-27T12:14:07.000Z
Contentos,0.00603566443674,1269897.05745886,2020-11-27T12:14:07.000Z
Meta,1.18979066111335,1423159.23357044,2020-11-27T12:15:06.000Z
Advanced Internet Blocks,0.00053400135769,0.57557358,2020-11-27T12:14:06.000Z
0Chain,0.26707876377934,174870.79118532,2020-11-27T12:14:06.000Z
BitKan,0.00199900341799,841724.82622056,2020-11-27T12:14:07.000Z
Akash Network,0.5336877029463,1074350.08187649,2020-11-27T12:15:04.000Z
Morpheus.Network,0.27104811624054,723010.73395257,2020-11-27T12:14:05.000Z
MediBloc,0.00472179506019,56722.96012535,2020-11-27T12:15:04.000Z
Populous,0.23918293569375,943633.29078157,2020-11-27T12:14:07.000Z
Agoras Tokens,0.4215596875105,0.0,2020-11-27T12:15:02.000Z
Nexus,0.18263887949364,70616.29699768,2020-11-27T12:14:06.000Z
ZBG Token,0.04772886444527,1413716.38638522,2020-11-27T12:15:05.000Z
Unobtanium,61.85040671359401,4796.28344871,2020-11-27T12:15:03.000Z
Bella Protocol,0.85633330796806,5996394.21352275,2020-11-27T12:14:06.000Z
Jewel,0.22727201188889,800.38664429,2020-11-27T12:14:05.000Z
BHPCoin,0.61100107160367,2483682.37237148,2020-11-27T12:14:08.000Z
Prometeus,2.00670616619953,411197.41985382,2020-11-27T12:15:03.000Z
MovieBloc,0.001444324079,1094208.27251213,2020-11-27T12:14:06.000Z
AirSwap,0.08069101727604,1045153.77576,2020-11-27T12:15:03.000Z
Lambda,0.01397661099973,6022165.32373232,2020-11-27T12:14:06.000Z
SUKU,0.14892858950624,20864.95523425,2020-11-27T12:15:03.000Z
SaluS,11.82163225208886,69.01454819,2020-11-27T12:15:03.000Z
Ergo,0.49511608996313,1221756.48773628,2020-11-27T12:14:06.000Z
King DAG,0.21937069293115,2082139.93189865,2020-11-27T12:15:05.000Z
DREP,0.00298238627805,351520.5983674,2020-11-27T12:14:06.000Z
MiL.k,0.15291788569712,1309537.88878044,2020-11-27T12:15:03.000Z
RChain,0.02450191014512,206166.85079161,2020-11-27T12:14:07.000Z
QASH,0.03379117379857,205270.46620519,2020-11-27T12:15:03.000Z
Fusion,0.2467737944807,1568787.80153356,2020-11-27T12:15:06.000Z
Render Token,0.10712894714081,10983.67649287,2020-11-27T12:15:06.000Z
Crypto Village Accelerator,0.1641503279292,247997.70951781,2020-11-27T12:14:07.000Z
Constellation,0.00919039964838,197213.33389435,2020-11-27T12:14:06.000Z
Sapphire,0.02739112479825,38323.44339138,2020-11-27T12:15:03.000Z
NKN,0.01977150432109,644189.04656279,2020-11-27T12:14:06.000Z
IQeon,2.0922659710252,353307.75616562,2020-11-27T12:15:04.000Z
Apollo Currency,0.00077922703397,611814.75215457,2020-11-27T12:14:06.000Z
Massnet,0.12958893892939,491482.72000277,2020-11-27T12:15:05.000Z
PlatonCoin,0.43936323956499,11933.83429646,2020-11-27T12:14:06.000Z
Bounce Token,422.9973429680624,8514182.11645732,2020-11-27T12:15:04.000Z
Project Pai,0.00746576900614,270296.48770974,2020-11-27T12:14:06.000Z
Darwinia Network,0.0354229575067,1389664.80692365,2020-11-27T12:15:06.000Z
Cocos-BCX,0.00027981744675,814119.24403484,2020-11-27T12:15:04.000Z
Metronome,0.98353658456392,203647.27630322,2020-11-27T12:14:07.000Z
Leverj Gluon,0.0459645561466,290365.42198199,2020-11-27T12:14:06.000Z
Tachyon Protocol,0.04089024042781,398249.14921874,2020-11-27T12:14:08.000Z
saffron.finance,365.28214756373296,3239380.93090368,2020-11-27T12:15:05.000Z
USDJ,0.99311487667752,2315948.26974594,2020-11-27T12:15:04.000Z
PLATINCOIN,2.15572293498386,433174.37293571,2020-11-27T12:15:04.000Z
PEAKDEFI,0.26941591623679,232576.75698862,2020-11-27T12:15:04.000Z
Chromia,0.02497177219038,6020068.7539622,2020-11-27T12:14:08.000Z
Measurable Data Token,0.01618663360868,179898.49205133,2020-11-27T12:15:04.000Z
BIKI,0.03387584830479,1198918.89919286,2020-11-27T12:15:03.000Z
Free Tool Box Coin,0.01261332489932,35190.88238329,2020-11-27T12:15:06.000Z
BDCC Bitica COIN,2.95118894965366,2729491.44484447,2020-11-27T12:15:05.000Z
Sapien,0.04762365943569,0.0,2020-11-27T12:15:02.000Z
Bitcoin 2,0.60376424529325,1298.55646635,2020-11-27T12:14:07.000Z
COVER Protocol,245.14385846758907,1222.40477052,2020-11-27T12:15:06.000Z
Karatgold Coin,0.00219681619782,18.95095153,2020-11-27T12:14:06.000Z
Aergo,0.03928146964972,3974313.99471098,2020-11-27T12:14:05.000Z
Metaverse ETP,0.1306091105784,228686.55674828,2020-11-27T12:14:05.000Z
Level01,0.0633270765996,77132.58327584,2020-11-27T12:14:08.000Z
Anchor,0.79886145181368,48920.99026091,2020-11-27T12:14:06.000Z
Monolith,0.30443962521794,12937.13066691,2020-11-27T12:15:07.000Z
Raiden Network Token,0.20219384353069,2323676.89191615,2020-11-27T12:15:03.000Z
Vertcoin,0.17992082329838,731859.49716777,2020-11-27T12:15:03.000Z
Carry,0.00167147141678,524560.05453639,2020-11-27T12:14:07.000Z
LATOKEN,0.02671970813736,23978.1601636,2020-11-27T12:15:03.000Z
DOS Network,0.0753321326893,802644.85531145,2020-11-27T12:14:06.000Z
General Attention Currency,1.01267866338289,0.0,2020-11-27T12:15:03.000Z
Peculium,0.00497236570823,0.0,2020-11-27T12:14:05.000Z
Phala.Network,0.07820960339291,6111161.11369628,2020-11-27T12:14:06.000Z
Moeda Loyalty Points,0.50497541429445,180491.55181899,2020-11-27T12:14:08.000Z
Factom,1.07101390784369,41923.56947166,2020-11-27T12:15:03.000Z
Cream Finance,66.35643482099863,9443065.76223918,2020-11-27T12:15:03.000Z
GHOSTPRISM,3.15131725127223,157775.66771837,2020-11-27T12:15:05.000Z
Bit-Z Token,0.07969972794458,2020559.01136707,2020-11-27T12:14:07.000Z
dForce,0.09621652034843,1115905.98499455,2020-11-27T12:14:05.000Z
CoinMetro Token,0.03521108071541,14629.20145768,2020-11-27T12:15:03.000Z
Phoenix Global,0.00290628559438,101316.00262284,2020-11-27T12:15:03.000Z
Veritaseum,4.51831746677075,3270.38529295,2020-11-27T12:14:06.000Z
YFDAI.FINANCE,2417.0521890989135,3622888.20293047,2020-11-27T12:14:06.000Z
Blocknet,1.27560620626464,24151.90120297,2020-11-27T12:14:06.000Z
inSure,0.00269166119309,8188.60304863,2020-11-27T12:14:08.000Z
ERC20,0.00846947737606,13662.45016525,2020-11-27T12:15:03.000Z
Decentralized Vulnerability Platform,0.03128345371802,669524.06032908,2020-11-27T12:15:05.000Z
Perlin,0.01972490939042,1185628.30577561,2020-11-27T12:15:04.000Z
FIBOS,0.00899134621856,337622.40389884,2020-11-27T12:14:07.000Z
Metadium,0.00760584088705,641760.86099669,2020-11-27T12:15:04.000Z
Dimension Chain,0.03854967460306,0.0,2020-11-27T12:15:06.000Z
BTSE,2.16925532007977,341300.97058961,2020-11-27T12:15:04.000Z
Dynamic,0.61449897555611,57585.42575208,2020-11-27T12:15:06.000Z
Nxt,0.00931139182615,694432.59434018,2020-11-27T12:15:03.000Z
CWV Chain,0.002643330122,11867.19457689,2020-11-27T12:15:06.000Z
ForTube,0.02121242612301,2896308.4068489,2020-11-27T12:15:03.000Z
AMO Coin,0.00051121333395,231373.73691362,2020-11-27T12:15:03.000Z
Kadena,0.18740146961145,415425.82759528,2020-11-27T12:15:07.000Z
QuickX Protocol,0.01849872696686,258661.23831817,2020-11-27T12:14:06.000Z
FirmaChain,0.05101945588911,5855274.43934585,2020-11-27T12:14:06.000Z
Sentivate,0.00267709557668,67440.22504601,2020-11-27T12:14:06.000Z
Seele-N,0.01306009816963,36277.23047272,2020-11-27T12:14:06.000Z
Skycoin,0.47510866540862,338702.70105619,2020-11-27T12:15:06.000Z
Precium,0.01216091008944,1100840.5099437,2020-11-27T12:14:06.000Z
Enigma,0.38067066368182,139295.39697939,2020-11-27T12:14:07.000Z
FOAM,0.02987430653104,19625.87441278,2020-11-27T12:15:06.000Z
Time New Bank,0.0024570738218,601004.72896893,2020-11-27T12:15:03.000Z
Maro,0.01935697825021,558886.53757622,2020-11-27T12:15:03.000Z
Elamachain,0.01151681629223,1369474.54562414,2020-11-27T12:14:05.000Z
FirstBlood,0.1022861059201,1332.50671688,2020-11-27T12:15:05.000Z
MixMarvel,0.00245099504988,355880.32810909,2020-11-27T12:15:04.000Z
Aleph.im,0.13182966706662,513904.10903735,2020-11-27T12:14:06.000Z
Kcash,0.01934551838869,2556912.91789067,2020-11-27T12:15:04.000Z
Waves Enterprise,0.22383641149584,63027.58486712,2020-11-27T12:15:03.000Z
Spendcoin,0.00379025963979,1139287.95271745,2020-11-27T12:15:04.000Z
Sentinel Protocol,0.02079556297069,587654.23077568,2020-11-27T12:14:06.000Z
BitForex Token,0.00203264904655,531481.77599862,2020-11-27T12:15:03.000Z
Selfkey,0.00246823893836,755882.85619698,2020-11-27T12:15:05.000Z
VIDY,0.00098267754294,652828.79419235,2020-11-27T12:15:05.000Z
Zenon,1.693158489102,138876.93686032,2020-11-27T12:14:07.000Z
BarnBridge,24.05153060697386,179796.68169129,2020-11-27T12:15:05.000Z
PAC Global,0.00066446912128,9237.67196346,2020-11-27T12:15:03.000Z
Gifto,0.01092255957037,5953298.07218481,2020-11-27T12:15:04.000Z
Quantum Resistant Ledger,0.11538162482486,239700.99509801,2020-11-27T12:14:05.000Z
Covesting,0.46442965855382,20449.91655946,2020-11-27T12:15:04.000Z
TrustVerse,0.01988765064628,180841.34294536,2020-11-27T12:14:07.000Z
DMarket,0.14656202594747,294620.68498176,2020-11-27T12:15:06.000Z
Anchor Neural World,0.11654090121857,2668337.68533981,2020-11-27T12:14:08.000Z
Insights Network,0.0416997565509,29897.11336945,2020-11-27T12:15:05.000Z
APIX,0.07126615419178,259356.40380917,2020-11-27T12:15:03.000Z
LinkEye,0.00988366655147,2894038.40361644,2020-11-27T12:15:05.000Z
TenX,0.05577838625,14047218.46553905,2020-11-27T12:14:06.000Z
Cartesi,0.04082592516119,2175892.93527426,2020-11-27T12:15:05.000Z
ProximaX,0.00132135351856,189761.92050617,2020-11-27T12:15:03.000Z
yOUcash,0.00521936739783,650.68721273,2020-11-27T12:15:03.000Z
Santiment Network Token,0.12665581200942,11587.09614769,2020-11-27T12:14:06.000Z
High Performance Blockchain,0.1087747869027,356625.38476425,2020-11-27T12:15:04.000Z
Hakka.Finance,0.05790646836878,709199.45206477,2020-11-27T12:15:05.000Z
Content Value Network,0.00855302961073,637062.31058245,2020-11-27T12:15:06.000Z
NEXT,0.19522371060983,44690.53422739,2020-11-27T12:14:06.000Z
Ecoreal Estate,0.03781157293513,3109.41709953,2020-11-27T12:15:05.000Z
YFValue,1.71020506437809,1828.4211583,2020-11-27T12:14:05.000Z
Atomic Wallet Coin,0.74665706506031,19390.87033507,2020-11-27T12:15:07.000Z
Namecoin,0.52836247935654,6041.56887934,2020-11-27T12:15:02.000Z
Wabi,0.08522567280164,732186.26747583,2020-11-27T12:15:04.000Z
Props Token,0.03755384525143,14991.16057698,2020-11-27T12:14:07.000Z
1SG,3.51380982240207,0.0,2020-11-27T12:14:06.000Z
Arcblock,0.07705081618016,4526673.58557445,2020-11-27T12:15:05.000Z
Dawn Protocol,0.16741133346464,273841.14403741,2020-11-27T12:15:06.000Z
smARTOFGIVING,0.10221379580796,98638.56838273,2020-11-27T12:15:04.000Z
apM Coin,0.02081609786719,5098296.09547708,2020-11-27T12:14:07.000Z
Unifi Protocol DAO,3.21189905236087,1806061.26806995,2020-11-27T12:15:06.000Z
Clams,1.68623875004201,0.0,2020-11-27T12:15:06.000Z
Aladdin,0.000168623875,0.0,2020-11-27T12:14:07.000Z
Aavegotchi,0.49940999525578,25257611.72846266,2020-11-27T12:14:07.000Z
VNX Exchange,0.25059262570892,105375.88664367,2020-11-27T12:15:04.000Z
Bridge Oracle,0.00091379300338,24654.17840635,2020-11-27T12:14:06.000Z
Telcoin,0.00015501669256,91990.02805772,2020-11-27T12:15:04.000Z
GoChain,0.00689979291414,17605.00135024,2020-11-27T12:14:06.000Z
CasinoCoin,0.00017887328555,8507.18357738,2020-11-27T12:15:03.000Z
UniLend,0.65556885657635,903594.92434479,2020-11-27T12:15:04.000Z
OST,0.00937919083872,960674.56868038,2020-11-27T12:15:04.000Z
VITE,0.01516444613057,470042.55660949,2020-11-27T12:14:07.000Z
dKargo,0.0234552075107,212929.66664342,2020-11-27T12:14:06.000Z
Ubiq,0.16702164916005,10079.87693941,2020-11-27T12:14:06.000Z
PlayChip,0.00050464838428,231.85707081,2020-11-27T12:15:06.000Z
Nestree,0.00558728000577,512785.29533066,2020-11-27T12:15:05.000Z
CUTcoin,0.05813113631168,26332.66528165,2020-11-27T12:14:06.000Z
Global Digital Content,0.00219262689795,54032.28957429,2020-11-27T12:15:06.000Z
NavCoin,0.10011824650639,124347.77180748,2020-11-27T12:15:05.000Z
FIO Protocol,0.07765813470785,2545209.36844345,2020-11-27T12:14:06.000Z
GameCredits,0.05593330579098,21278.9762549,2020-11-27T12:15:06.000Z
Qitmeer,0.05706887219675,1199049.54185459,2020-11-27T12:15:02.000Z
Dune Network,0.01890194499842,13691.87646558,2020-11-27T12:15:03.000Z
CoinEx Token,0.00977262399855,900718.67265591,2020-11-27T12:14:06.000Z
OTOCASH,0.32484384378741,21170.86917468,2020-11-27T12:14:07.000Z
Dock,0.01114421212781,734628.82223586,2020-11-27T12:14:05.000Z
Grid+,0.17410328220191,100394.60324438,2020-11-27T12:15:03.000Z
ZEON,0.00023710713986,96320.70446556,2020-11-27T12:14:06.000Z
#MetaHash,0.0030632455559,72009.95574624,2020-11-27T12:14:05.000Z
RSK Smart Bitcoin,16831.858774097997,41571.19937809,2020-11-27T12:15:06.000Z
Effect.AI,0.02679417662072,44233.54773136,2020-11-27T12:14:06.000Z
CyberMiles,0.00836445572231,1439987.59324534,2020-11-27T12:15:03.000Z
Propy,0.09423437390941,157574.58502396,2020-11-27T12:14:07.000Z
LiquidApps,0.00957282699273,6109.56196215,2020-11-27T12:14:06.000Z
BoringDAO,152.6674926197676,17375.52358815,2020-11-27T12:15:05.000Z
Endor Protocol,0.00457203092978,443095.13193181,2020-11-27T12:14:07.000Z
Newton,0.00032172963437,848380.27454624,2020-11-27T12:14:06.000Z
Safe Haven,0.0021881749862,644081.23471402,2020-11-27T12:14:07.000Z
suterusu,0.0040463469588,90887.72255339,2020-11-27T12:14:07.000Z
pNetwork,0.33838754665564,803100.9163802,2020-11-27T12:14:06.000Z
Universa,0.00207240451169,64489.82524573,2020-11-27T12:15:05.000Z
MAP Protocol,0.02064134643975,6066.37463149,2020-11-27T12:14:07.000Z
Wagerr,0.03333155656008,10821.29096658,2020-11-27T12:14:06.000Z
ODEM,0.02944777294876,159155.81575509,2020-11-27T12:14:06.000Z
PieDAO DOUGH v2,0.9707215286963,81506.63155785,2020-11-27T12:15:03.000Z
Steem Dollars,1.10832657940348,1001185.76999008,2020-11-27T12:15:04.000Z
ELYSIA,0.00263442541429,279813.14666972,2020-11-27T12:15:04.000Z
Observer,0.00279571372074,67597.92001458,2020-11-27T12:14:05.000Z
Emirex Token,0.231141475168,3529985.60579582,2020-11-27T12:15:05.000Z
Nuco.cloud,0.97020332156138,234457.32126551,2020-11-27T12:14:06.000Z
Minter Network,0.00211765792566,70636.89043976,2020-11-27T12:14:07.000Z
IoT Chain,0.07205062352739,2872757.32973767,2020-11-27T12:15:03.000Z
Achain,0.00641504503423,2195240.81108002,2020-11-27T12:14:06.000Z
Tokamak Network,2.30141217609523,1016789.85409841,2020-11-27T12:15:06.000Z
BnkToTheFuture,0.00857936997483,713179.72542517,2020-11-27T12:15:06.000Z
Valor Token,0.30867174600143,364109.13528583,2020-11-27T12:14:06.000Z
TOP,0.00120625720788,140652.3728292,2020-11-27T12:14:07.000Z
Safex Token,0.00315122063508,4176.88938613,2020-11-27T12:15:03.000Z
Moss Coin,0.0166488650034,359198.29879971,2020-11-27T12:14:06.000Z
Leverj,0.05157988023619,0.0,2020-11-27T12:15:05.000Z
Neblio,0.36148792366431,95571.05687565,2020-11-27T12:14:07.000Z
Everex,0.26454550713664,408044.6873822,2020-11-27T12:14:08.000Z
Ambrosus,0.01447787044368,335619.7226608,2020-11-27T12:15:03.000Z
SIRIN LABS Token,0.01209697720818,749870.06962441,2020-11-27T12:15:04.000Z
ROOBEE,0.00280548074312,476409.96121479,2020-11-27T12:15:07.000Z
TE-FOOD,0.01248989943727,5492.42075433,2020-11-27T12:15:06.000Z
Cashaa,0.0100576123325,765627.02027198,2020-11-27T12:15:05.000Z
Particl,0.6078661747416,14850.34661514,2020-11-27T12:14:07.000Z
Spectre.ai Dividend Token,0.07149652300178,0.0,2020-11-27T12:15:05.000Z
Peercoin,0.21767069391321,20937.14803059,2020-11-27T12:15:03.000Z
Aidos Kuneen,0.23224554118202,565592.13541242,2020-11-27T12:14:06.000Z
Global Cryptocurrency,0.00455284462511,0.10071557,2020-11-27T12:15:06.000Z
Wing,8.89161117231334,775562.87590605,2020-11-27T12:14:06.000Z
Aeon,0.36291187929747,17426.14091658,2020-11-27T12:15:02.000Z
ILCOIN,0.009665326097,134114.77620958,2020-11-27T12:15:07.000Z
Aragon Court,0.04676591154323,494006.68610871,2020-11-27T12:15:05.000Z
Genesis Vision,1.28744103011338,286421.33307597,2020-11-27T12:15:03.000Z
LikeCoin,0.00681197065527,42222.16420413,2020-11-27T12:14:07.000Z
Eminer,0.00414087657024,587743.11553697,2020-11-27T12:15:03.000Z
FLETA,0.00527100775604,893927.59181656,2020-11-27T12:15:02.000Z
UCA Coin,0.00356763277764,71744.11843486,2020-11-27T12:15:05.000Z
BackPacker Coin,1.00354846482991,164453.31082116,2020-11-27T12:15:06.000Z
Egoras,9.681555626e-05,26027.92279742,2020-11-27T12:14:08.000Z
Bread,0.06370974678991,63940.39415262,2020-11-27T12:15:04.000Z
Burger Swap,0.48390690514856,51170.76441274,2020-11-27T12:14:07.000Z
DEXTools,0.06250450799719,253651.47264374,2020-11-27T12:14:06.000Z
Krios,0.0111793845662,448.75721474,2020-11-27T12:14:08.000Z
Unitrade,0.22666245070875,475864.32555735,2020-11-27T12:15:03.000Z
REVV,0.02046275843286,175317.18306297,2020-11-27T12:14:06.000Z
Digix Gold Token,56.89475626003643,52190.68497246,2020-11-27T12:14:06.000Z
Realio Network,0.83095288026776,662092.63331741,2020-11-27T12:15:03.000Z
POA,0.01922012775689,114608.96564597,2020-11-27T12:15:05.000Z
Bibox Token,0.0618789543964,31113392.8261309,2020-11-27T12:15:04.000Z
RING X PLATFORM,0.05109723251536,477164.72723949,2020-11-27T12:14:06.000Z
qiibee,0.00674495500017,2068.38694318,2020-11-27T12:15:02.000Z
PumaPay,0.00019649630768,21364.63352397,2020-11-27T12:15:03.000Z
VeriDocGlobal,0.00059515246426,33258.41827367,2020-11-27T12:15:03.000Z
AppCoins,0.02141524812523,157742.98411312,2020-11-27T12:15:04.000Z
VideoCoin,0.03591019502006,47167.48947409,2020-11-27T12:15:04.000Z
DAOstack,0.1121551601856,99117.05632507,2020-11-27T12:15:07.000Z
Mithril,0.00556930274952,764654.37743557,2020-11-27T12:15:06.000Z
Tokenomy,0.02579081654203,330567.53670221,2020-11-27T12:15:05.000Z
HYCON,0.00225978202988,897888.66457101,2020-11-27T12:15:03.000Z
LockTrip,0.3454929262853,1004.47077458,2020-11-27T12:15:03.000Z
Orient Walt,0.05397032920393,956623.99520224,2020-11-27T12:15:02.000Z
WePower,0.0076115231036,139110.8219813,2020-11-27T12:15:05.000Z
CryptoFranc,1.09127019944187,11801.23275417,2020-11-27T12:14:07.000Z
Lightning Bitcoin,1.35008313780599,902147.928984,2020-11-27T12:15:04.000Z
Bezant,0.00582611966604,1025943.57764615,2020-11-27T12:14:06.000Z
Ferrum Network,0.03616758570958,529156.23916371,2020-11-27T12:15:03.000Z
EUNO,0.00084311937502,11418.50170338,2020-11-27T12:14:08.000Z
PCHAIN,0.00639725131169,57238.01891874,2020-11-27T12:14:06.000Z
Quiztok,0.01413211078378,3388018.83587875,2020-11-27T12:15:07.000Z
Global Rental Token,0.00016866360753,48.90092375,2020-11-27T12:15:03.000Z
OAX,0.06725800563411,164347.37412018,2020-11-27T12:14:07.000Z
Swerve,0.59824439157229,3380874.44463675,2020-11-27T12:14:06.000Z
TokenClub,0.00722883804652,287705.54870465,2020-11-27T12:15:04.000Z
Dero,0.48739231123305,586672.85886986,2020-11-27T12:14:05.000Z
DigitalBits,0.01191996435066,285628.23130187,2020-11-27T12:15:06.000Z
DigitalNote,0.00101198164521,12130.06384212,2020-11-27T12:15:05.000Z
Meme,177.60627519099978,2730083.57147524,2020-11-27T12:15:05.000Z
Aryacoin,0.0303749585593,288153.36652636,2020-11-27T12:14:07.000Z
Lamden,0.03403659314842,33836.9537343,2020-11-27T12:15:04.000Z
HUNT,0.04388616941799,527581.56917752,2020-11-27T12:15:04.000Z
Etheroll,0.67520007860972,0.0,2020-11-27T12:14:05.000Z
Alchemy Pay,0.00474020589664,2120679.13044067,2020-11-27T12:14:07.000Z
dForce USDx,0.99619418527874,21811.82783713,2020-11-27T12:15:06.000Z
Gleec,0.35608458396338,290338.28276846,2020-11-27T12:15:03.000Z
Gulden,0.00878781231641,8501.09468984,2020-11-27T12:15:04.000Z
Diamond,1.29059664065268,3715.7846324,2020-11-27T12:15:03.000Z
Credit Tag Chain,0.07628590824211,0.0,2020-11-27T12:15:03.000Z
INT,0.01073894070199,1496215.09124841,2020-11-27T12:15:04.000Z
RAMP,0.04056176418861,2004551.64496274,2020-11-27T12:15:04.000Z
Wootrade,0.04134269458363,3586645.29059571,2020-11-27T12:15:04.000Z
SmartCash,0.00320364544631,115449.08182274,2020-11-27T12:14:06.000Z
BLOCKv,0.00151485141669,138579.01121463,2020-11-27T12:15:03.000Z
Safe,0.22297016277722,121292.22520096,2020-11-27T12:14:06.000Z
LCX,0.00813541612813,348809.54878873,2020-11-27T12:14:07.000Z
Kambria,0.00205282492722,17529.46820962,2020-11-27T12:15:06.000Z
Pluton,5.24141522981272,12498.34889986,2020-11-27T12:15:05.000Z
All Sports,0.00298498046192,210114.10010542,2020-11-27T12:15:05.000Z
Ruff,0.00454357056865,499144.80431076,2020-11-27T12:15:05.000Z
Lykke,0.01409965661313,4628.34046773,2020-11-27T12:15:05.000Z
INLOCK,0.00341181823955,9275.70978741,2020-11-27T12:14:05.000Z
DEAPcoin,0.00502965888942,878287.53218056,2020-11-27T12:15:04.000Z
Dragon Coins,0.01262740582357,5755.24386231,2020-11-27T12:15:05.000Z
Viacoin,0.19027583206827,79126.03520698,2020-11-27T12:15:05.000Z
Robonomics.network,6.24329394609871,606484.83452513,2020-11-27T12:15:06.000Z
Morpheus Labs,0.01032358896463,639247.04490939,2020-11-27T12:14:06.000Z
bitCNY,0.15327111529618,32113940.87238583,2020-11-27T12:15:06.000Z
ShipChain,0.00899571189709,650.12890669,2020-11-27T12:15:07.000Z
TEMCO,0.00137903562289,198598.74788881,2020-11-27T12:14:06.000Z
GridCoin,0.01043413121089,1295.95299634,2020-11-27T12:14:06.000Z
Burst,0.00202256449149,3568.93145857,2020-11-27T12:15:06.000Z
Wowbit,0.01537771338477,0.0,2020-11-27T12:14:06.000Z
Wings,0.04259597831523,18356.79348676,2020-11-27T12:15:05.000Z
Sparkpoint,0.00065711795793,83285.64392077,2020-11-27T12:14:06.000Z
JD Coin,0.09953567979363,30548.99483512,2020-11-27T12:14:07.000Z
ECC,0.000168623875,11.8290103,2020-11-27T12:15:03.000Z
QLC Chain,0.01754187727932,258631.39026337,2020-11-27T12:15:04.000Z
MIR COIN,0.00540130607999,1581711.93068255,2020-11-27T12:15:04.000Z
HyperDAO,0.01087046865066,819983.81122528,2020-11-27T12:15:03.000Z
WPP TOKEN,0.00297472225783,5575.74493648,2020-11-27T12:14:06.000Z
Blox,0.00612465027313,171556.65568076,2020-11-27T12:14:06.000Z
Origo,0.00937306435061,613864.42569407,2020-11-27T12:14:07.000Z
Multi Channel Influencer Creater Cloud Funding Platform,0.01032410596135,166444.86347964,2020-11-27T12:14:05.000Z
United Traders Token,0.10930721991176,1970.48087591,2020-11-27T12:15:04.000Z
Zano,0.39245874680091,43535.512711,2020-11-27T12:15:07.000Z
YOYOW,0.00836611311374,120443.70653819,2020-11-27T12:14:07.000Z
Casino Betting Coin,0.02611887163876,9411.98584316,2020-11-27T12:14:07.000Z
StakeCubeCoin,0.50336848901742,7264.10517098,2020-11-27T12:14:08.000Z
Frontier,0.27971549822271,3715040.11721886,2020-11-27T12:14:06.000Z
Folgory Coin,0.22991240398634,51404.69641235,2020-11-27T12:14:06.000Z
VNDC,3.957254605e-05,416.74519184,2020-11-27T12:14:06.000Z
BIZZCOIN,0.92822100925528,289847.96593246,2020-11-27T12:15:04.000Z
VeriBlock,0.00590183562515,1442.57287442,2020-11-27T12:14:06.000Z
ColossusXT,0.00032193602961,6826.22664971,2020-11-27T12:14:07.000Z
PressOne,0.01388122440645,18981.92492299,2020-11-27T12:15:05.000Z
Epic Cash,0.42083178113088,327824.60438878,2020-11-27T12:15:04.000Z
ChronoCoin,0.00177923516843,126894.76173456,2020-11-27T12:15:05.000Z
USDQ,0.71078940788764,160.17353969,2020-11-27T12:14:07.000Z
Polis,0.39602253467176,7656.85363688,2020-11-27T12:15:05.000Z
Phantasma,0.06864857966825,87340.60195973,2020-11-27T12:14:06.000Z
Atari Token,0.05636299218276,10034.21506874,2020-11-27T12:15:03.000Z
SunContract,0.03166824954529,221356.13630393,2020-11-27T12:14:06.000Z
Sentinel,0.00193442390427,18719.21853067,2020-11-27T12:15:06.000Z
AirWire,0.03204608543154,121.39924119,2020-11-27T12:15:05.000Z
Ormeus Ecosystem,0.00171906377052,229664.17023471,2020-11-27T12:15:04.000Z
SpaceChain,0.00772958206635,8619.86596656,2020-11-27T12:15:04.000Z
Kryll,0.12760542540397,10022.67907604,2020-11-27T12:14:07.000Z
VIBE,0.01483891010939,83160.27712678,2020-11-27T12:14:08.000Z
OneRoot Network,0.01348684350841,577450.60219519,2020-11-27T12:15:05.000Z
InflationCoin,8.50149007e-05,0.0,2020-11-27T12:15:06.000Z
Robotina,0.01249933443367,3464.01015767,2020-11-27T12:15:04.000Z
Mobius,0.00739780269648,1975.06179447,2020-11-27T12:15:05.000Z
Polybius,0.95978076024684,3225.53925589,2020-11-27T12:14:06.000Z
Game.com,0.00498729950812,62339.51544967,2020-11-27T12:15:04.000Z
SwftCoin,0.00095114280747,3912104.77160976,2020-11-27T12:15:05.000Z
Pillar,0.01460701799508,11603.92291045,2020-11-27T12:14:06.000Z
PolySwarm,0.00236387070329,14742.15293511,2020-11-27T12:15:06.000Z
Agrocoin,0.0311,0.0,2020-09-01T03:33:13.000Z
Metrix Coin,0.00021255048679,15159.39007014,2020-11-27T12:14:06.000Z
Olive,0.01348991000034,0.0,2020-11-27T12:14:07.000Z
XYO,0.00029012119153,190320.34593767,2020-11-27T12:14:06.000Z
Ternio,0.00669221501746,20503.3702064,2020-11-27T12:14:06.000Z
Telos,0.013058857637,8524.42810844,2020-11-27T12:14:05.000Z
TronEuropeRewardCoin,0.01809292773631,0.0,2020-11-27T12:15:05.000Z
Nsure.Network,0.65251917565827,4033377.42933519,2020-11-27T12:15:03.000Z
SmartMesh,0.00274085640442,335615.67822377,2020-11-27T12:15:03.000Z
Jobchain,0.00070037541164,3113.65579551,2020-11-27T12:15:03.000Z
JustLiquidity,38.84908856143718,739875.60668209,2020-11-27T12:14:07.000Z
DEX,0.01902568026406,65768.84614307,2020-11-27T12:15:05.000Z
Flash,0.00405566067291,589.28670475,2020-11-27T12:14:06.000Z
Swace,0.0070389054318,24.03997398,2020-11-27T12:15:03.000Z
Bitcoin Rhodium,2.94432001004018,14949.88120215,2020-11-27T12:14:06.000Z
Budbo,0.04367358362609,0.0,2020-11-27T12:15:06.000Z
XIO,0.17706189227812,252718.68231136,2020-11-27T12:14:06.000Z
Genaro Network,0.0137826785976,898138.44100718,2020-11-27T12:15:04.000Z
BitMart Token,0.02034655348135,1128647.92330031,2020-11-27T12:14:07.000Z
SonoCoin,0.12516128117878,0.0,2020-11-27T12:15:04.000Z
SONM,0.00994880862525,201303.87708082,2020-11-27T12:15:07.000Z
SynchroBitcoin,0.04402329317581,1054.51906311,2020-11-27T12:15:03.000Z
NAGA,0.04832984784493,1537.00189281,2020-11-27T12:15:04.000Z
Diamond Platform Token,2.01462122971034,2879.88684665,2020-11-27T12:14:06.000Z
SingularDTV,0.00575064282633,259793.39114198,2020-11-27T12:15:05.000Z
SENSO,0.28054942909464,750895.73580436,2020-11-27T12:15:05.000Z
EasyFi,6.45648088912,3451921.1409064,2020-11-27T12:15:04.000Z
Decentrahub Coin,4.48952309913178,321495.44818268,2020-11-27T12:15:06.000Z
XMax,0.00022796265638,849313.46624845,2020-11-27T12:14:07.000Z
Bitrue Coin,0.03794181415727,3183971.12710509,2020-11-27T12:15:03.000Z
Trade Token X,0.03949182029524,0.0,2020-11-27T12:14:06.000Z
FABRK,0.0007009031746,0.0,2020-11-27T12:15:04.000Z
BlockStamp,0.12592598227112,102.46361269,2020-11-27T12:14:07.000Z
ALQO,0.05159890575129,46.66559142,2020-11-27T12:15:03.000Z
Dentacoin,4.73333289e-06,179727.78350715,2020-11-27T12:14:06.000Z
Block-Chain.com,0.01602304271577,1.91107059,2020-11-27T12:15:04.000Z
Artfinity,0.02669213671847,88320.34802315,2020-11-27T12:14:06.000Z
eBitcoin,0.17548858858662,0.0,2020-11-27T12:15:03.000Z
QunQun,0.00456397367567,449791.0533872,2020-11-27T12:15:04.000Z
Airbloc,0.01312984805804,288299.15018944,2020-11-27T12:15:03.000Z
PLANET,0.0202989919111,149980.76516038,2020-11-27T12:15:03.000Z
DATA,0.0002861889402,254914.12540213,2020-11-27T12:15:05.000Z
Neumark,0.09221669634005,20361.53429893,2020-11-27T12:15:04.000Z
Remme,0.00325252948827,94309.84461809,2020-11-27T12:15:05.000Z
Fatcoin,0.02652546491967,1214018.51400644,2020-11-27T12:14:06.000Z
DECOIN,0.06014089369773,203007.99000642,2020-11-27T12:15:03.000Z
Callisto Network,0.00126076771733,35799.91574143,2020-11-27T12:14:05.000Z
MOAC,0.05203170656831,20672.57999005,2020-11-27T12:15:04.000Z
FarmaTrust,0.00539841608635,1883.9044207,2020-11-27T12:15:03.000Z
SymVerse,0.0482264707725,1910.29980802,2020-11-27T12:14:06.000Z
Rupiah Token,7.098345891e-05,302461.51000076,2020-11-27T12:14:06.000Z
YOU COIN,0.00583934767087,637992.32271691,2020-11-27T12:14:08.000Z
Counterparty,1.22876362859648,274.47966493,2020-11-27T12:15:03.000Z
Cryptopay,0.04679831342929,1139.45261071,2020-11-27T12:15:04.000Z
ZIMBOCASH,0.00280767054415,30942.1851323,2020-11-27T12:15:05.000Z
STATERA,0.03758100881779,105360.55064926,2020-11-27T12:14:07.000Z
MediShares,0.0026514426745,171694.79314915,2020-11-27T12:15:04.000Z
GeoDB,0.23704085334707,133395.66356723,2020-11-27T12:15:06.000Z
Egretia,0.00074540373509,1575476.50104126,2020-11-27T12:14:06.000Z
Feathercoin,0.01048607841789,17634.25171213,2020-11-27T12:15:02.000Z
AIDUS TOKEN,0.00693224031764,8897.44303003,2020-11-27T12:14:06.000Z
Anyswap,0.35687182526534,827977.73809138,2020-11-27T12:14:06.000Z
Sense,0.00386178319766,4.47415981,2020-11-27T12:15:05.000Z
Earneo,0.0122293334223,0.0,2020-11-27T12:14:06.000Z
GMB,0.00594944451566,26588.22274933,2020-11-27T12:14:06.000Z
LINA,0.0100782635725,8829.78603512,2020-11-27T12:15:02.000Z
LUKSO,0.79854952309065,1241194.40781192,2020-11-27T12:15:06.000Z
Myriad,0.00172061334494,2108.52284897,2020-11-27T12:15:03.000Z
BUX Platform Token,0.0521047773763,10646.62176501,2020-11-27T12:15:05.000Z
DDKoin,1.76333273563029,62712.35694375,2020-11-27T12:15:03.000Z
Blackmoon,0.05564587875139,7.81786495,2020-11-27T12:14:07.000Z
APY.Finance,0.378593150477,565832.54826921,2020-11-27T12:15:03.000Z
CyberFM,5.856434528e-05,0.0,2020-11-27T12:15:03.000Z
Idena,0.08878723764021,51188.44519189,2020-11-27T12:14:06.000Z
Phore,0.13187830584352,26741.24856628,2020-11-27T12:15:03.000Z
Monetha,0.00742909361181,108646.81835467,2020-11-27T12:14:08.000Z
Midas,2.20880413868003,4540.8259664,2020-11-27T12:15:05.000Z
Abyss,0.01301517899043,77056.04635122,2020-11-27T12:14:06.000Z
Crust,3.27571597261106,471942.42033194,2020-11-27T12:15:06.000Z
Aitra,1.97655896152287,252908.82972025,2020-11-27T12:15:03.000Z
WeShow Token,0.00639804194685,367133.8989063,2020-11-27T12:15:05.000Z
Zipper,0.00018271271433,0.0,2020-11-27T12:14:06.000Z
Agrello,0.03077779396384,102540.3038882,2020-11-27T12:14:06.000Z
MintCoin,0.0001180367125,0.0,2020-11-27T12:15:03.000Z
T.OS,0.00354110137509,250.39547608,2020-11-27T12:14:06.000Z
Nucleus Vision,0.0004091308379,91131.17477338,2020-11-27T12:15:06.000Z
NIX,0.06040242583751,17582.61504833,2020-11-27T12:14:07.000Z
Cred,0.00345910620941,614970.65405518,2020-11-27T12:14:06.000Z
GHOST,0.19862886807179,63889.33631037,2020-11-27T12:15:04.000Z
MicroBitcoin,1.52603196e-05,43.50856417,2020-11-27T12:15:06.000Z
HOMIHELP,2.49791544299757,20232.32494471,2020-11-27T12:15:06.000Z
Edge,0.02869367332921,0.0,2020-11-27T12:15:06.000Z
UnlimitedIP,0.00216096987612,322413.1780316,2020-11-27T12:15:05.000Z
Merculet,0.00067003638925,227512.73216523,2020-11-27T12:14:07.000Z
Cryptocean,0.34902558147652,4290.50272504,2020-11-27T12:15:04.000Z
XTRABYTES,0.00657633112516,963.92272897,2020-11-27T12:15:06.000Z
Viberate,0.01462876986898,618199.63742929,2020-11-27T12:14:07.000Z
Credits,0.01127473818656,43007.24094395,2020-11-27T12:15:05.000Z
DAPS Coin,4.598389701e-05,46397.08455767,2020-11-27T12:15:04.000Z
SaTT,0.00092419090022,56003.30053987,2020-11-27T12:15:03.000Z
EveryCoin ,0.00029848007663,525282.50429017,2020-11-27T12:14:06.000Z
Credo,0.00508064148892,0.0,2020-11-27T12:14:07.000Z
NextDAO,0.00174266289115,52880.00211901,2020-11-27T12:14:07.000Z
LiteDoge,0.00016898586137,0.0,2020-11-27T12:14:07.000Z
GoCrypto Token,0.01362271879242,8774.00234361,2020-11-27T12:14:07.000Z
EXMO Coin,0.00390726640011,87273.08989606,2020-11-27T12:14:07.000Z
Vid,0.1240101961889,58661.43685206,2020-11-27T12:15:04.000Z
Hydro Protocol,0.00390112082015,478150.34242143,2020-11-27T12:15:05.000Z
Stealth,0.07250099317228,5405.49118025,2020-11-27T12:15:05.000Z
Voise,0.00498508291045,0.0,2020-11-27T12:14:07.000Z
Shift,0.19764468233503,18.6162481,2020-11-27T12:15:03.000Z
DODO,0.22911161965039,79083.98991156,2020-11-27T12:15:03.000Z
CoTrader,0.00014219097701,49287.50690098,2020-11-27T12:14:06.000Z
BlackCoin,0.0447259005345,28961.84074591,2020-11-27T12:15:03.000Z
GAPS,0.26937954194587,176315.64355687,2020-11-27T12:15:06.000Z
Sylo,0.00110741818772,93693.25823501,2020-11-27T12:15:07.000Z
KeeperDAO,74.11827683116326,1177613.15848746,2020-11-27T12:15:05.000Z
BOLT,0.00271468454126,16093.67109257,2020-11-27T12:14:06.000Z
Atlas Protocol,0.00104228572108,194657.9829633,2020-11-27T12:15:05.000Z
Auctus,0.08376188408045,13822.38020875,2020-11-27T12:15:06.000Z
Zel,0.02274717746171,1678017.62715458,2020-11-27T12:14:07.000Z
Bitcore,0.14844587274638,881.63170796,2020-11-27T12:14:05.000Z
Kingdom Game 4.0,0.08577052276619,1133033.98862632,2020-11-27T12:15:04.000Z
Noku,0.08914454576984,1019.71891203,2020-11-27T12:15:03.000Z
EOSDT,0.99931217895021,80342.46934495,2020-11-27T12:14:07.000Z
U Network,0.00037658924657,562641.80973689,2020-11-27T12:14:06.000Z
ContentBox,0.0021851451681,383099.30169279,2020-11-27T12:14:07.000Z
Lynx,3.400375216e-05,46.7283543,2020-11-27T12:15:02.000Z
Growth DeFi,18.40686568877364,9768.18382674,2020-11-27T12:14:06.000Z
Acute Angle Cloud,0.01047248675475,53682.04970147,2020-11-27T12:15:05.000Z
GET Protocol,0.22879832524363,36979.48104359,2020-11-27T12:15:04.000Z
Carboncoin,0.00016866360753,0.0,2020-11-27T12:15:05.000Z
VNT Chain,0.00094407409516,90009.88859242,2020-11-27T12:14:06.000Z
CRYPTOBUCKS,0.00065614497619,7.86713633,2020-11-27T12:14:08.000Z
Digital Asset Guarantee Token,0.08144941245975,0.0,2020-11-27T12:15:04.000Z
BarterTrade,0.03731922593999,321186.87541306,2020-11-27T12:15:06.000Z
BaaSid,0.00050969052481,135161.07543673,2020-11-27T12:15:03.000Z
EDUCare,0.00352409681075,598739.18917597,2020-11-27T12:15:05.000Z
UniLayer,0.14316351235064,386117.14242329,2020-11-27T12:15:06.000Z
CACHE Gold,57.69045973661328,2066481.15799995,2020-11-27T12:15:06.000Z
Ivy,0.00274629269672,0.0,2020-11-27T12:14:06.000Z
SpankChain,0.00837675813028,0.0,2020-11-27T12:15:03.000Z
Electronic Energy Coin,0.00577374438025,29001.73600401,2020-11-27T12:14:06.000Z
Monero Classic,0.13024138110243,258.22212753,2020-11-27T12:14:05.000Z
Jibrel Network,0.01464408568165,36602.09998056,2020-11-27T12:15:05.000Z
NuShares,0.0005004954242,6144.08692729,2020-11-27T12:14:06.000Z
Vipstar Coin,5.165464449e-05,1.41984503,2020-11-27T12:14:05.000Z
ZrCoin,0.48435854667713,134169.49336209,2020-11-27T12:14:06.000Z
QANplatform,0.09091439341768,410.93603739,2020-11-27T12:14:06.000Z
HoryouToken,0.00220823969412,0.0,2020-11-27T12:14:07.000Z
42-coin,57088.929803297324,1069.42573567,2020-11-27T12:15:03.000Z
Rubycoin,0.0861871034501,0.0,2020-11-27T12:15:04.000Z
DiFy.Finance,297.62969715527663,445605.09761776,2020-11-27T12:14:07.000Z
TRONCLASSIC,5.0867732e-06,0.0,2020-11-27T12:15:04.000Z
Apex,0.00449259956475,37348.68250913,2020-11-27T12:14:06.000Z
PIBBLE,0.00014413935843,124471.37855566,2020-11-27T12:14:05.000Z
BitTube,0.00815616398594,17280.89941191,2020-11-27T12:15:06.000Z
Hashshare,0.0217249591702,775941.19913914,2020-11-27T12:14:07.000Z
Restart Energy MWAT,0.00466234978274,45961.90136962,2020-11-27T12:15:06.000Z
Verasity,0.00060143914327,676669.92873579,2020-11-27T12:14:06.000Z
Esportbits,0.10112653922616,0.0,2020-11-27T12:14:06.000Z
EDC Blockchain,0.05043122029145,139205.05312374,2020-11-27T12:15:04.000Z
LOLTOKEN,0.0051670988516,739.05683538,2020-11-27T12:14:06.000Z
Litecoin Cash,0.00384435894771,3693.3117501,2020-11-27T12:15:05.000Z
Valobit,0.00853103576138,103234.83079915,2020-11-27T12:14:06.000Z
Spartan Protocol,0.04165356543344,39347.39084917,2020-11-27T12:14:06.000Z
OKCash,0.02911383053927,8611.84733954,2020-11-27T12:14:07.000Z
Cloudbric,0.00396402032319,40331.03568314,2020-11-27T12:14:06.000Z
HalalChain,0.00563936055383,150912.57963399,2020-11-27T12:15:05.000Z
HitChain,3.661124715e-05,146324.2165339,2020-11-27T12:15:03.000Z
AI Doctor,0.00281167904235,979424.05270719,2020-11-27T12:15:04.000Z
DistX,0.06937938451377,242979.47047378,2020-11-27T12:15:07.000Z
FLO,0.01456465002368,36147.34273251,2020-11-27T12:15:03.000Z
Polyient Games Governance Token,134.04664733571005,241081.97078147,2020-11-27T12:15:03.000Z
Skrumble Network,0.00214346893641,804792.1058098,2020-11-27T12:15:07.000Z
Refereum,0.00043556284798,29.24107423,2020-11-27T12:15:06.000Z
CryptoPing,0.24045764575599,8539.44689022,2020-11-27T12:14:06.000Z
Hiveterminal Token,0.00428847708476,1798.15228523,2020-11-27T12:14:07.000Z
Radium,0.51356081175026,11546.61928681,2020-11-27T12:15:03.000Z
Rotharium,0.62869093683047,67128.01531737,2020-11-27T12:15:03.000Z
CommerceBlock,0.01211973565543,6143.0430828,2020-11-27T12:14:06.000Z
LNX Protocol,0.00778212,0.0,2020-09-01T03:33:13.000Z
TrueFeedBack,0.00088575863408,99827.62356793,2020-11-27T12:15:03.000Z
Qubitica,2.60349144590161,4315.99745578,2020-11-27T12:15:03.000Z
Humanscape,0.00447936502993,20264.78079707,2020-11-27T12:15:05.000Z
DSLA Protocol,0.00030731025796,67356.88920449,2020-11-27T12:15:04.000Z
Blockmason Credit Protocol,0.01787400132241,147634.91212136,2020-11-27T12:15:02.000Z
Xaurum,0.02916689994043,16845.15206281,2020-11-27T12:14:08.000Z
Constant,40.69418559068308,0.0,2020-11-27T12:15:07.000Z
Mysterium,0.10269364071035,5666.25495418,2020-11-27T12:14:06.000Z
Tripio,0.00054607491009,321262.14515932,2020-11-27T12:15:06.000Z
Ethereum Meta,4.069418559e-05,4080.19412584,2020-11-27T12:15:06.000Z
Rewardiqa,0.20381502413106,0.0,2020-11-27T12:14:06.000Z
Coineal Token,0.00820526721741,484688.12006044,2020-11-27T12:14:06.000Z
Cube,0.00029736215018,141.98351452,2020-11-27T12:15:05.000Z
DeFinition,0.86179440921377,11.1788356,2020-11-27T12:15:06.000Z
Xaya,0.04455124123093,45549.62062015,2020-11-27T12:15:06.000Z
Cardstack,0.00083832772617,72069.6801784,2020-11-27T12:14:06.000Z
Winding Tree,0.09135034825105,0.0,2020-10-23T03:17:38.000Z
1World,0.07959046900198,6034.74482353,2020-11-27T12:15:06.000Z
TERA,0.00225376042739,377719.73487149,2020-11-27T12:14:06.000Z
HTMLCOIN,3.670308635e-05,2704.80024604,2020-11-27T12:15:04.000Z
MultiVAC,0.00054148496646,119891.03578916,2020-11-27T12:14:06.000Z
ScPrime,0.06349665815627,458.30848417,2020-11-27T12:14:08.000Z
Colu Local Network,0.019490824767,0.0,2020-10-23T03:17:38.000Z
MB8 Coin,0.01197511613495,0.0,2020-11-27T12:15:03.000Z
Global Social Chain,0.00334963166371,150796.64761573,2020-11-27T12:14:06.000Z
Defis Network,5.24651068254892,69185.42211847,2020-11-27T12:15:05.000Z
Swingby,0.03586725386408,429866.45164156,2020-11-27T12:14:06.000Z
FinNexus,0.10961485651863,403470.28312494,2020-11-27T12:15:07.000Z
Naka Bodhi Token,0.02762218352003,25516.45169737,2020-11-27T12:14:07.000Z
Presearch,0.01112606189829,55152.07170161,2020-11-27T12:15:03.000Z
Caspian,0.0042972967336,3647.6915556,2020-11-27T12:14:06.000Z
Insight Protocol,0.01273558288148,80954.86507282,2020-11-27T12:14:06.000Z
Mcashchain,0.00191852325862,1590.66205582,2020-11-27T12:15:03.000Z
Hyprr (Howdoo),0.01952331297197,165300.78987277,2020-11-27T12:15:07.000Z
THEKEY,0.00030669136815,16322.85975718,2020-11-27T12:15:05.000Z
Compendia,0.01855299682879,3.3202041,2020-11-27T12:15:07.000Z
LINKA,0.00274285158845,186507.671085,2020-11-27T12:14:06.000Z
SIX,0.00694718148009,415189.63958571,2020-11-27T12:15:04.000Z
Education Ecosystem,0.00849558800692,41253.73740734,2020-11-27T12:15:07.000Z
Jarvis Network,0.06508071327332,708291.72768673,2020-11-27T12:15:03.000Z
UGAS,0.01097543153291,497179.54399114,2020-11-27T12:14:06.000Z
HOLD,0.00268026224172,1466.09810211,2020-11-27T12:14:06.000Z
Ixinium,0.13578822481013,254.92619146,2020-11-27T12:15:05.000Z
VINchain,0.00317874924839,64801.16686027,2020-11-27T12:15:02.000Z
NuBits,0.17057699044408,4282.25665254,2020-11-27T12:14:06.000Z
Geeq,0.31439360122482,108535.80071569,2020-11-27T12:15:03.000Z
Neutrino Token,12.74314678678829,501015.51979832,2020-11-27T12:15:03.000Z
EOS Force,0.00190905222377,18946.180419,2020-11-27T12:14:06.000Z
Databroker,0.02409116863515,13402.37644024,2020-11-27T12:14:07.000Z
Omni,3.24845600816672,439742.73023893,2020-11-27T12:15:03.000Z
Holyheld,0.59899765581189,25094.09167238,2020-11-27T12:15:04.000Z
DOC.COM,0.00236107463159,17937.17844334,2020-11-27T12:14:06.000Z
DeepOnion,0.08025740952885,891816.17638137,2020-11-27T12:14:07.000Z
Asch,0.01925661284723,731495.98203756,2020-11-27T12:15:06.000Z
Hubii Network,0.11525275017218,0.0,2020-11-27T12:14:07.000Z
Emercoin,0.03828900256287,27885.03759015,2020-11-27T12:15:06.000Z
Freyrchain,0.00356502870182,16.28736146,2020-11-27T12:14:06.000Z
OceanEx Token,0.00098840575165,93025.36630474,2020-11-27T12:14:06.000Z
e-Gulden,0.10205841230136,215.07138131,2020-11-27T12:15:04.000Z
BitCapitalVendor,0.00176580389613,13334.60627793,2020-11-27T12:14:08.000Z
Ulord,0.02291120110871,0.0,2020-11-27T12:15:04.000Z
Waves Community Token,0.17233360025429,2495.76916372,2020-11-27T12:15:05.000Z
DeepBrain Chain,0.0005376947754,381256.49839358,2020-11-27T12:15:04.000Z
Amoveo,25.13237682612617,716.76569799,2020-11-27T12:15:07.000Z
KARMA,0.00031388325783,18.00495703,2020-11-27T12:15:03.000Z
SmartCredit Token,1.53608421531733,308447.94520797,2020-11-27T12:15:05.000Z
Bismuth,0.12197397563012,4805.21871845,2020-11-27T12:14:07.000Z
CoinPoker,0.00612172110539,3479.08853104,2020-11-27T12:15:06.000Z
Ethereum Yield,16.95477505031542,521802.68891133,2020-11-27T12:15:06.000Z
Matrix AI Network,0.01413750787004,177799.59140049,2020-11-27T12:15:06.000Z
ZeuxCoin,0.00870637304718,70704.60841819,2020-11-27T12:15:03.000Z
BitGreen,0.1389644482788,32718.44911215,2020-11-27T12:15:06.000Z
Ravencoin Classic,0.00022177501594,14138.93038308,2020-11-27T12:15:06.000Z
Hydro,0.00015329974343,58206.81450285,2020-11-27T12:14:05.000Z
Odyssey,0.0002481349289,191724.67400198,2020-11-27T12:15:05.000Z
Curecoin,0.06576305776617,7501.03939568,2020-11-27T12:15:04.000Z
MoonSwap,0.17586485085335,1123.579142,2020-11-27T12:14:07.000Z
Blockchain Certified Data Token,0.0432562533068,789.6566287,2020-11-27T12:15:06.000Z
Vexanium,0.0022097899196,57653.95714685,2020-11-27T12:14:07.000Z
Gala,0.0002334002578,9089.44661513,2020-11-27T12:14:07.000Z
Ormeus Cash,0.00854891031762,88852.54497617,2020-11-27T12:14:06.000Z
Tidex Token,0.17014148987924,123.43960902,2020-11-27T12:15:06.000Z
Raven Protocol,0.00037096180646,12748.73863258,2020-11-27T12:14:07.000Z
Kuai Token,0.14509466862637,8590716.54286824,2020-11-27T12:15:06.000Z
Mooncoin,7.04579544e-06,191.35398041,2020-11-27T12:15:03.000Z
Autonio,0.01501262019273,36816.47212504,2020-11-27T12:15:03.000Z
Lition,0.04554513003244,192242.8764173,2020-11-27T12:14:07.000Z
Rarible,1.81998750405706,288921.02460466,2020-11-27T12:14:06.000Z
Lympo,0.00191633621126,67199.30116107,2020-11-27T12:15:05.000Z
YEE,0.0011600761171,426323.44518749,2020-11-27T12:15:05.000Z
Trias,0.00069066238794,23915.84954673,2020-11-27T12:14:07.000Z
Modern Investment Coin,1.19384141761191,100671.25748374,2020-11-27T12:15:02.000Z
OneLedger,0.00366615040099,99823.57285328,2020-11-27T12:14:07.000Z
Axis DeFi,0.70102688806313,8673.92804217,2020-11-27T12:15:06.000Z
Change,0.07905016696464,881.11508745,2020-11-27T12:15:02.000Z
Humaniq,0.008293148847,20549.13668865,2020-11-27T12:14:06.000Z
Spiking,0.0034889872692,0.0,2020-11-27T12:14:07.000Z
CPChain,0.00410969403858,106219.11947303,2020-11-27T12:15:06.000Z
Amon,0.00226006765811,9189.04370721,2020-11-27T12:15:06.000Z
Footballcoin,0.0040948931839,93910.90881416,2020-11-27T12:15:06.000Z
8X8 PROTOCOL,0.0049642381956,1481085.72669507,2020-11-27T12:15:05.000Z
iEthereum,0.08433180376722,0.0,2020-11-27T12:15:03.000Z
carVertical,0.00019905252491,13305.51518882,2020-11-27T12:15:05.000Z
ToaCoin,0.000168623875,0.0,2020-11-27T12:14:06.000Z
JUIICE,0.00022890479395,0.0,2020-11-27T12:15:02.000Z
Minereum,0.14125007599706,2067.97890305,2020-11-27T12:15:06.000Z
Connectome,1.24514288453301,3999387.93537914,2020-11-27T12:14:07.000Z
Netbox Coin,0.0193972209918,27020.66213531,2020-11-27T12:15:04.000Z
Plair,5.835632148e-05,15399.78441028,2020-11-27T12:14:05.000Z
PotCoin,0.00657633112516,1160.82573058,2020-11-27T12:15:03.000Z
CargoX,0.00896440631695,3594.89491841,2020-11-27T12:15:05.000Z
AXPR,0.00524823974737,2708.71030392,2020-11-27T12:15:06.000Z
Manna,0.00222411115945,4.26e-06,2020-11-27T12:14:08.000Z
NoLimitCoin,0.0023528937224,220.19308609,2020-11-27T12:15:05.000Z
Crown,0.05609079538824,4121.89126557,2020-11-27T12:14:06.000Z
Nyzo,0.1226199486977,932501.34828992,2020-11-27T12:15:02.000Z
HempCoin,0.00556458787514,189.07760434,2020-11-27T12:15:05.000Z
CanYaCoin,0.01505591574503,0.0,2020-11-27T12:15:04.000Z
IG Gold,0.00016377158554,2454.68404776,2020-11-27T12:14:07.000Z
NFX Coin,0.01163504737529,489.39944616,2020-11-27T12:15:05.000Z
Sphere,0.11338951298004,772.1912508,2020-11-27T12:14:07.000Z
DeFiner,0.60749499271937,588984.32333812,2020-11-27T12:15:03.000Z
BitBall,0.00355736729664,439292.9883611,2020-11-27T12:14:05.000Z
MenaPay,0.01051191540469,71698.05084324,2020-11-27T12:14:06.000Z
Eureka Coin,0.02096127947653,71806.94774888,2020-11-27T12:14:06.000Z
AMLT,0.00580794964227,1671.96157843,2020-11-27T12:15:06.000Z
Skychain,0.18451798664268,475.69169405,2020-11-27T12:15:06.000Z
EchoLink,0.00277412029607,211548.97916157,2020-11-27T12:15:05.000Z
Smartlands Network,0.269250301055,0.0,2020-11-27T12:15:05.000Z
TrueFlip,0.21912890643338,4330.89636162,2020-11-27T12:14:06.000Z
ODUWA,0.32980923801131,10100.30848062,2020-11-27T12:14:06.000Z
IONChain,0.01129243303049,15910.75952243,2020-11-27T12:15:05.000Z
Circuits of Value,0.00137235710205,2172.77111728,2020-11-27T12:14:06.000Z
Offshift,0.77459340821949,8189.46544563,2020-11-27T12:15:03.000Z
Cryptaur,0.00010445984597,446.66285366,2020-11-27T12:14:06.000Z
I/O Coin,0.0723396423768,2576.4309805,2020-11-27T12:15:05.000Z
Peerplays,0.29596969705666,81531.3872933,2020-11-27T12:14:05.000Z
Primecoin,0.03888166677006,6096.51241058,2020-11-27T12:15:03.000Z
Electra,4.624274318e-05,95544.61270248,2020-11-27T12:15:07.000Z
Litex,0.00112319497977,161338.52274109,2020-11-27T12:14:07.000Z
Dimecoin,2.76629095e-06,2327.17352969,2020-11-27T12:15:03.000Z
BIDR,7.08983925e-05,204964.55443271,2020-11-27T12:14:06.000Z
Bean Cash,0.00033797172274,0.0,2020-11-27T12:14:06.000Z
Swarm,0.01689995138446,17496.79138349,2020-11-27T12:15:05.000Z
Tierion,0.0030753456436,97935.37769288,2020-11-27T12:14:07.000Z
NewYorkCoin,9.02455505e-06,142.69338457,2020-11-27T12:15:04.000Z
PANTHEON X,0.01036026354689,36244.89955573,2020-11-27T12:14:06.000Z
Hi Mutual Society,0.00320385362508,0.0,2020-11-27T12:15:05.000Z
Internxt,2.05723387633239,40125.04432285,2020-11-27T12:14:08.000Z
Veil,0.01472766499706,196891.52415597,2020-11-27T12:14:06.000Z
AmonD,0.00162869331555,6049.17379398,2020-11-27T12:14:05.000Z
Thugs Finance,1.64207010092342,0.0,2020-11-27T12:15:04.000Z
PUBLISH,0.00505762302779,170317.34177815,2020-11-27T12:15:06.000Z
ZClassic,0.14223314943782,2970.99555195,2020-11-27T12:15:05.000Z
nDEX,8.552719547e-05,0.0,2020-11-27T12:15:05.000Z
Spectre.ai Utility Token,0.0522734012513,17.38605085,2020-11-27T12:15:05.000Z
DAEX,0.00360561661365,2493.43673465,2020-11-27T12:15:06.000Z
Pantos,0.04285974920701,48356.22619551,2020-11-27T12:14:06.000Z
Ethverse,0.1105193436139,42484.42983555,2020-11-27T12:15:04.000Z
VeriCoin,0.03786333862696,242101.56944077,2020-11-27T12:15:04.000Z
Brickblock,0.01660913912825,0.0,2020-10-23T03:17:41.000Z
Vites,3.3724775e-05,0.0,2020-11-27T12:15:05.000Z
Permission Coin,0.00030204569636,80471.80180398,2020-11-27T12:14:07.000Z
Cryptobuyer,0.02158461830476,112000.5956895,2020-11-27T12:15:04.000Z
Isiklar Coin,0.52255076019935,21987.01964566,2020-11-27T12:15:05.000Z
Perth Mint Gold Token,1797.1981654638937,32327.34529009,2020-11-27T12:15:03.000Z
Bitex Global XBX Coin,0.00610863370845,0.0,2020-11-27T12:14:06.000Z
Rise,0.00729059986127,385.69034552,2020-11-27T12:15:04.000Z
SolarCoin,0.01941993156155,602.29221998,2020-11-27T12:15:03.000Z
Safex Cash,0.01770848182144,7961.85990648,2020-11-27T12:15:03.000Z
LHT,0.02400833496126,162.25712714,2020-11-27T12:15:03.000Z
Traceability Chain,0.00136170886175,41.70567362,2020-11-27T12:15:03.000Z
Tolar,0.00532230154019,56879.8117549,2020-11-27T12:15:04.000Z
Small Love Potion,0.02610324385471,147289.11195451,2020-11-27T12:14:05.000Z
Bitcoin Atom,0.0642456963766,85.39970882,2020-11-27T12:15:05.000Z
Asian Fintech,0.00473160411839,0.01994297,2020-11-27T12:14:07.000Z
BakeryToken,0.01189369563956,442935.3539072,2020-11-27T12:14:07.000Z
Xfinance,24.10964119450045,201648.13358892,2020-11-27T12:14:07.000Z
DAOBet,0.0070050931097,88122.00959117,2020-11-27T12:14:07.000Z
Banano,0.00098954374256,497.60114298,2020-11-27T12:15:06.000Z
Tokoin,0.00644371880714,48078.9375956,2020-11-27T12:15:03.000Z
BOOM,0.00146838790812,11171.63861912,2020-11-27T12:15:03.000Z
Maxcoin,0.01865701477103,0.0,2020-11-27T12:15:03.000Z
Parachute,0.00199346162008,13090.7084434,2020-11-27T12:14:07.000Z
QChi,0.03519831806291,3571.39039489,2020-11-27T12:15:04.000Z
QuadrantProtocol,0.00286599611928,39383.83165386,2020-11-27T12:15:06.000Z
Webflix Token,0.00036556753276,0.0,2020-11-27T12:14:07.000Z
Adshares,0.03279175672273,2529.22749948,2020-11-27T12:14:06.000Z
Cajutel,0.8325008556415,3778.53527805,2020-11-27T12:15:06.000Z
Pirl,0.01328783228629,6590.90942696,2020-11-27T12:15:03.000Z
X-CASH,1.877942261e-05,43234.81549543,2020-11-27T12:15:04.000Z
Pivot Token,0.00021697665919,303728.63256128,2020-11-27T12:15:02.000Z
Uptrennd,0.00359709203342,27942.31057502,2020-11-27T12:15:03.000Z
Blocery,0.03717826714227,689694.33661017,2020-11-27T12:15:03.000Z
BetProtocol,0.00059874209387,166286.77260868,2020-11-27T12:14:08.000Z
Auroracoin,0.06087607637591,60.87151842,2020-11-27T12:15:03.000Z
PirateCash,0.0423467083989,4396.86855369,2020-11-27T12:15:05.000Z
Pascal,0.03250417084742,22373.08231996,2020-11-27T12:15:05.000Z
ChatCoin,0.00156820121892,140363.5739882,2020-11-27T12:15:05.000Z
Denarius,0.14379006944071,0.00010146,2020-11-27T12:14:06.000Z
Incent,0.02310147087558,9766.37478745,2020-11-27T12:15:05.000Z
Origin Dollar,0.15075307732335,0.0,2020-11-27T12:15:02.000Z
Bloom,0.01859733702248,739.13002203,2020-11-27T12:15:04.000Z
Maincoin,0.00264939462444,12569.19736228,2020-11-27T12:14:06.000Z
Sessia,0.11612127652637,913800.51615934,2020-11-27T12:15:03.000Z
hybrix,0.56746845772067,453.08002955,2020-11-27T12:15:03.000Z
Color Platform,0.00760173381541,1159.29946708,2020-11-27T12:14:06.000Z
Okschain,0.00092764984144,49797.94638734,2020-11-27T12:15:03.000Z
AEN Smart Token,0.00147365251288,11713.47349667,2020-11-27T12:15:06.000Z
EXRNchain,1.114003331e-05,36029.71773448,2020-11-27T12:15:03.000Z
VeriSafe,9.450535016e-05,0.0,2020-11-27T12:15:05.000Z
Pundi X NEM,5.622331782e-05,6659.60901621,2020-11-27T12:15:02.000Z
WeOwn,0.01028461450994,329831.84862617,2020-11-27T12:15:06.000Z
NOW Token,0.01275018434666,74.64735359,2020-11-27T12:14:06.000Z
BOScoin,0.00117537367606,99.37068082,2020-11-27T12:15:03.000Z
Mallcoin,0.00574177319884,0.0,2020-11-27T12:15:04.000Z
Streamity,0.02813773731532,0.0,2020-11-27T12:14:07.000Z
Boolberry,0.07626366007362,320.94293932,2020-11-27T12:15:05.000Z
Experty,0.03720858416455,10280.02389826,2020-11-27T12:15:06.000Z
Juggernaut,0.09709685492907,39019.06308843,2020-11-27T12:14:06.000Z
Pinkcoin,0.00236129050548,1342.47216965,2020-11-27T12:15:05.000Z
Beaxy,0.00353958087226,1561.4659196,2020-11-27T12:15:05.000Z
Content Neutrality Network,2.561194291e-05,53932.48355882,2020-11-27T12:15:07.000Z
KuboCoin,1.099707086e-05,0.0,2020-11-27T12:14:06.000Z
Enecuum,0.00717010001818,178861.61756206,2020-11-27T12:15:03.000Z
Blue Whale EXchange,0.02252882717777,504984.66472746,2020-11-27T12:14:06.000Z
DreamTeam Token,0.02724689569145,2913.10538795,2020-11-27T12:14:07.000Z
CryptoVerificationCoin,1.68680473895193,0.0,2020-11-27T12:15:03.000Z
SyncFab,0.00393862231331,4130.55984611,2020-11-27T12:15:07.000Z
Neurotoken,0.01239228304715,31.79282945,2020-11-27T12:15:05.000Z
Xiotri,221.53522584013564,44114.99863632,2020-11-27T12:15:05.000Z
Binance GBP Stable Coin,1.39082913602075,176150.77094327,2020-11-27T12:15:03.000Z
Titan Coin,0.00106314929214,107.26958919,2020-11-27T12:14:06.000Z
ATLANT,0.01781387974232,60.41843933,2020-11-27T12:15:03.000Z
Ycash,0.09161993131523,529557.32284515,2020-11-27T12:15:03.000Z
FNKOS,0.00615372993153,0.0,2020-11-27T12:14:06.000Z
Couchain,5.824424438e-05,0.0,2020-11-27T12:14:06.000Z
Keep4r,14.31908866922626,190308.0222344,2020-11-27T12:15:06.000Z
Teloscoin,0.00589382325183,2486.21115868,2020-11-27T12:15:05.000Z
Themis,0.00157444381336,143288.33370863,2020-11-27T12:15:03.000Z
ALLY,0.00041122408541,14.80663429,2020-11-27T12:14:06.000Z
SafeCoin,0.03379717227423,66.71701704,2020-11-27T12:14:05.000Z
ADAMANT Messenger,0.01095507680999,6054.82341619,2020-11-27T12:15:06.000Z
BOX Token,0.00945678557354,7283.89892291,2020-11-27T12:15:05.000Z
SnowGem,0.03063298062957,161132.96775736,2020-11-27T12:14:06.000Z
Ormeus Coin,0.02574148894889,19680.87719109,2020-11-27T12:14:07.000Z
Medicalchain,0.00302375073793,863289.13428204,2020-11-27T12:15:05.000Z
Typerium,0.00056887532014,0.0,2020-11-27T12:15:05.000Z
ZumCoin,0.00092262042541,76.53403459,2020-11-27T12:14:06.000Z
Bitswift,0.23219971149708,17051.7119232,2020-11-27T12:14:05.000Z
AICHAIN,0.00167613379533,53438.7815934,2020-11-27T12:15:05.000Z
Sumokoin,0.0326768452881,90063.63911444,2020-11-27T12:14:06.000Z
Halo Platform,0.00013225610317,0.0,2020-11-27T12:15:07.000Z
Xeonbit,0.00285467850113,18478.75498313,2020-11-27T12:15:05.000Z
Trittium,0.00686540577562,393.57266522,2020-11-27T12:14:07.000Z
eosDAC,0.00132745518406,30386.75509464,2020-11-27T12:15:06.000Z
Nework,0.0056666653435,2259.66483647,2020-11-27T12:15:05.000Z
Meter Governance,0.37753878856189,243762.14083757,2020-11-27T12:14:07.000Z
LGO Token,0.01640625646517,7849.36463024,2020-11-27T12:15:06.000Z
HashBX ,0.00140175400908,69.44422058,2020-11-27T12:14:05.000Z
CoinDeal Token,0.0187799058861,2608.95476567,2020-11-27T12:14:06.000Z
Fyooz,0.28972485031088,233936.13619984,2020-11-27T12:15:06.000Z
Hacken Token,0.01039251627031,24921.12269461,2020-11-27T12:15:05.000Z
Falcon Project,0.00021946202678,0.0,2020-11-27T12:14:06.000Z
CEEK VR,0.00144765951719,296262.50956001,2020-11-27T12:14:06.000Z
Primas,0.01609763817164,9131432.74058679,2020-11-27T12:14:07.000Z
TurtleCoin,9.76511039e-06,172958.92242608,2020-11-27T12:14:06.000Z
xBTC,0.46410254615183,23026.52648142,2020-11-27T12:15:03.000Z
Internet of People,0.06392350725555,0.0,2020-11-27T12:15:05.000Z
Bitcoin Confidential,9.688512726e-05,1797.02969392,2020-11-27T12:14:06.000Z
PegNet,0.00044525905602,2402.93087413,2020-11-27T12:14:06.000Z
Playgroundz,0.03007575522213,3361.8288277,2020-11-27T12:15:04.000Z
SINOVATE,0.00128572605213,155818.3495117,2020-11-27T12:15:06.000Z
RMPL,0.7745562550182,43184.31475687,2020-11-27T12:15:05.000Z
VegaWallet Token,0.05261064900131,0.0,2020-11-27T12:15:06.000Z
Open Predict Token,0.84899634969179,0.0,2020-11-27T12:14:05.000Z
Era Swap,0.04289915577056,454328.45207378,2020-11-27T12:14:06.000Z
BABB,2.287518196e-05,5016.9017907,2020-11-27T12:15:05.000Z
Alias,0.03183525592213,0.0,2020-11-27T12:15:05.000Z
Bottos,0.00139601448343,44313.48712639,2020-11-27T12:15:04.000Z
Cosmo Coin,0.00123414247712,233135.69468017,2020-11-27T12:14:07.000Z
Pandacoin,2.538299826e-05,0.02093667,2020-11-27T12:15:03.000Z
Gene Source Code Chain,0.00219211037505,0.05882024,2020-11-27T12:15:04.000Z
Castweet,0.4586170595956,91262.86942115,2020-11-27T12:15:05.000Z
VIG,0.0010244695351,1292.44321687,2020-11-27T12:15:05.000Z
Quark,0.00303594493562,176.01415357,2020-11-27T12:15:03.000Z
Pizza,0.02635206113597,4506.95399655,2020-11-27T12:14:06.000Z
ZENZO,0.05833225121587,1489.83647068,2020-11-27T12:15:04.000Z
Digital Gold,58.86015367382689,1168983.35350186,2020-11-27T12:14:06.000Z
Open Platform,0.00076275120722,959184.42566645,2020-11-27T12:14:06.000Z
Nexty,5.08572722e-06,0.08662445,2020-11-27T12:14:06.000Z
Fountain,0.00899892143505,5935.26687415,2020-11-27T12:15:07.000Z
Blue Protocol,0.02169000091983,0.0,2020-11-27T12:15:03.000Z
Cashbery Coin,0.01180367125029,140.56598819,2020-11-27T12:15:03.000Z
Meridian Network,0.07721139413618,16439.31351505,2020-11-27T12:15:05.000Z
GokuMarket Credit,0.26848486262389,118401.71446476,2020-11-27T12:14:08.000Z
TraDove B2BCoin,0.00157524080911,182.33324631,2020-11-27T12:14:05.000Z
Infinity Esaham,1.24038593334502,86120.49825745,2020-11-27T12:14:06.000Z
TV-TWO,0.00176056874759,0.0,2020-10-23T03:17:47.000Z
BQT,0.00131848617558,1292.36337147,2020-11-27T12:14:07.000Z
Thrive Token,0.0074707386996,7640.22256148,2020-11-27T12:14:07.000Z
Terracoin,0.03362518208573,456.64681171,2020-11-27T12:15:02.000Z
Fesschain,0.00795395274864,4582.41417859,2020-11-27T12:14:06.000Z
Lobstex,0.03823756906407,21209.55410031,2020-11-27T12:15:03.000Z
BitNewChain,0.00421559687511,0.0,2020-11-27T12:15:03.000Z
AMATEN,0.10012902494302,11049.63636493,2020-11-27T12:15:04.000Z
CREA,0.03887860341735,5076.86351139,2020-11-27T12:14:06.000Z
Block-Logic,0.0327859905827,976.27307589,2020-11-27T12:14:05.000Z
HiCoin,0.000168623875,0.0,2020-11-27T12:15:03.000Z
Iconic Token,0.0908896378401,1136.93612287,2020-11-27T12:15:04.000Z
0xBitcoin,0.12823525910114,695960.07051589,2020-11-27T12:14:06.000Z
CVCoin,0.05927399712147,30466.53168718,2020-11-27T12:14:06.000Z
0xcert,0.00210924310558,43556.98608366,2020-11-27T12:14:06.000Z
Po.et,0.00023372357742,3780.03534365,2020-11-27T12:14:06.000Z
Capricoin+,0.00321073136605,719.38764606,2020-11-27T12:14:07.000Z
DubaiCoin,0.17132185700427,2005.63580102,2020-11-27T12:15:06.000Z
GoldenPyrex,0.07352000950183,5135.57411422,2020-11-27T12:15:04.000Z
NaPoleonX,0.03003758590876,0.0,2020-11-27T12:14:05.000Z
Team Finance,1.24481567781377,284358.37188187,2020-11-27T12:14:07.000Z
Vetri,0.00221,266.36950525,2020-11-27T12:15:05.000Z
Scry.info,0.00163589270036,90472.20845559,2020-11-27T12:15:05.000Z
Expanse,0.03828170780749,4155.63322258,2020-11-27T12:15:03.000Z
Xriba,0.00671,1145.63047445,2020-11-27T12:15:03.000Z
Azbit,8.68496933e-06,1344.93414222,2020-11-27T12:14:06.000Z
2key.network,0.02077336748287,190334.69949524,2020-11-27T12:15:05.000Z
REAL,0.07113011323747,485.92697183,2020-11-27T12:14:07.000Z
Alphacat,0.00025724404039,7789.11388343,2020-11-27T12:15:06.000Z
LocalCoinSwap,0.01351886890969,7434.4061237,2020-11-27T12:14:06.000Z
Bitcoin Private,0.14789153472346,5706.43017361,2020-11-27T12:15:06.000Z
PhoenixDAO,0.01507965431824,54550.61693031,2020-11-27T12:14:05.000Z
Lead Wallet,0.00140640492653,3066.19721751,2020-11-27T12:14:06.000Z
adbank,0.00087049872879,408.97129447,2020-11-27T12:15:05.000Z
Yap Stone,0.00470923558295,46112.23792968,2020-11-27T12:14:07.000Z
Rapids,5.026453596e-05,1188.54028048,2020-11-27T12:15:05.000Z
IntelliShare,0.00221481111812,242123.69591216,2020-11-27T12:14:05.000Z
Zero,0.07454182293572,273112.50763753,2020-11-27T12:14:05.000Z
TurtleNetwork,0.00784314768265,8103.40506168,2020-11-27T12:14:06.000Z
Sentient Coin,0.00051442400298,76.58212293,2020-11-27T12:15:06.000Z
Lightstreams,0.01479401930884,5887.18987084,2020-11-27T12:14:07.000Z
GeoCoin,0.21816074703016,3232.81879923,2020-11-27T12:14:06.000Z
Bancacy,0.00512641303387,0.0,2020-11-27T12:14:05.000Z
Bitcoin Plus,4.57275447176181,35371.92811358,2020-11-27T12:15:04.000Z
Datum,0.00069062372905,83504.5112262,2020-11-27T12:15:04.000Z
BonusCloud,0.0002203839839,71.05500559,2020-11-27T12:15:07.000Z
CRDT,0.16018145218162,238259.99940049,2020-11-27T12:15:05.000Z
BITTO,0.22981397699261,182404.34405956,2020-11-27T12:15:06.000Z
SBank,0.10988485700973,55402.85811891,2020-11-27T12:14:07.000Z
KickToken,1.144465364e-05,855517.12987021,2020-11-27T12:14:08.000Z
TokenPay,0.03087915233595,374432.60477443,2020-11-27T12:14:06.000Z
Wownero,0.01884021853309,159577.91525584,2020-11-27T12:14:07.000Z
WebDollar,5.843899196e-05,5042.93666933,2020-11-27T12:14:06.000Z
Origin Sport,0.0022313039868,100828.54128846,2020-11-27T12:14:06.000Z
PayPie,0.00810617819545,0.0,2020-11-27T12:14:07.000Z
ATN,0.0079253221252,8078.16530589,2020-11-27T12:15:04.000Z
Swapcoinz,0.06295467859303,245833.73027534,2020-11-27T12:14:06.000Z
FREE Coin,6.877243e-08,20155.957884,2020-11-27T12:15:04.000Z
MonetaryUnit,0.00321073136605,3790.35738078,2020-11-27T12:14:05.000Z
Eden,0.00109816833087,19009.33664918,2020-11-27T12:15:04.000Z
Espers,2.872260122e-05,1132.25824555,2020-11-27T12:15:04.000Z
AstroTools,0.21968273268757,0.0,2020-11-27T12:14:05.000Z
Conceal,0.07093311765042,58715.76355678,2020-11-27T12:14:05.000Z
Centaur,0.00323590626516,722508.95733722,2020-11-27T12:15:03.000Z
EOS TRUST,8.687519037e-05,0.0,2020-11-27T12:15:02.000Z
Uniform Fiscal Object,0.00016866360753,118.09107436,2020-11-27T12:15:04.000Z
PowerTrade Fuel,0.16232917523762,114676.41052486,2020-11-27T12:15:03.000Z
Honest,0.00686410879579,983.03330302,2020-11-27T12:14:08.000Z
X8X Token,0.00781631870285,0.0,2020-11-27T12:15:02.000Z
Fire Lotto,0.02350597895182,0.0,2020-11-27T12:15:03.000Z
TouchCon,0.00627133171706,8251.59651523,2020-11-27T12:14:07.000Z
Novacoin,0.27357237142086,1422.90240043,2020-11-27T12:15:02.000Z
USDX [Lighthouse],0.16879717371091,1209.82331252,2020-11-27T12:15:05.000Z
Birake,0.00708097241325,813.05383322,2020-11-27T12:15:04.000Z
WeTrust,0.00688224301146,603.07172618,2020-11-27T12:15:06.000Z
Boosted Finance,10.67466111616242,96350.91280693,2020-11-27T12:14:06.000Z
Auxilium,0.00477648003371,4136.32365943,2020-11-27T12:15:04.000Z
Karbo,0.07035804884465,1160.99774467,2020-11-27T12:15:04.000Z
IHT Real Estate Protocol,0.00062668158157,2511.78554942,2020-11-27T12:15:06.000Z
BitCrystals,0.02697982000067,0.0,2020-11-27T12:15:03.000Z
PWR Coin,6.352434523e-05,0.0,2020-11-27T12:15:04.000Z
Upfiring,0.02560865800458,54274.60304957,2020-11-27T12:15:03.000Z
SoMee.Social,0.00566758358307,5065.28235031,2020-11-27T12:15:04.000Z
EXMR FDN,0.09022455357289,1158374.60494891,2020-11-27T12:14:08.000Z
ParkinGo,0.02984386013625,155.33426475,2020-11-27T12:15:03.000Z
Beer Money,0.02461476001157,53572.06636817,2020-11-27T12:15:04.000Z
ZMINE,0.0040469730001,480.04326398,2020-11-27T12:14:07.000Z
Substratum,0.00155587732788,1146.43096906,2020-11-27T12:14:07.000Z
Tendies,0.07856118217342,4215036.8781739,2020-11-27T12:14:06.000Z
CanonChain,0.00101714544323,0.0,2020-11-27T12:14:07.000Z
AGA Token,0.33164205036978,1832.27000228,2020-11-27T12:15:04.000Z
Mercury,0.00590322626371,2053.63155881,2020-11-27T12:15:06.000Z
Aventus,0.09836680340532,45991.52474434,2020-11-27T12:14:07.000Z
Thisoption,0.76657508961706,93668.21030664,2020-11-27T12:14:07.000Z
Nebula AI,0.00046798313429,399.02534365,2020-11-27T12:15:07.000Z
Ubex,0.00017462270343,217894.57010333,2020-11-27T12:15:03.000Z
Moneytoken,6.130797571e-05,0.0,2020-11-27T12:15:03.000Z
Max Property Group,0.00406035935473,794.86320341,2020-11-27T12:14:05.000Z
Semux,0.04491644554581,191799.99789347,2020-11-27T12:14:07.000Z
BEAT,0.00456419143244,0.0,2020-10-23T03:17:47.000Z
Nuggets,0.00033042701572,1569.66243803,2020-11-27T12:15:03.000Z
Coinsbit Token,0.0004194819749,288562.27612268,2020-11-27T12:14:07.000Z
Lunes,0.00372954384827,1396.53079698,2020-11-27T12:14:05.000Z
Menlo One,0.00186852815193,0.0,2020-10-23T03:17:47.000Z
HEAT,0.0119722951253,0.0,2020-11-27T12:15:04.000Z
HyperExchange,0.0094051944603,626.69802093,2020-11-27T12:14:06.000Z
CloakCoin,0.09981977534288,7420.89948504,2020-11-27T12:15:04.000Z
LUXCoin,0.05328971747172,1343.394727,2020-11-27T12:15:03.000Z
SpectrumCash,0.000168623875,0.0,2020-11-27T12:15:06.000Z
GlobalBoost-Y,0.03052452755439,1102.082385,2020-11-27T12:14:05.000Z
Stronghold Token,0.00016640965817,10165.74192278,2020-11-27T12:15:06.000Z
GoWithMi,0.00019907377449,3766.54996352,2020-11-27T12:15:03.000Z
indaHash,0.00134899100003,433.65521925,2020-11-27T12:15:05.000Z
EBCoin,0.00011785757904,25993.7801054,2020-11-27T12:14:07.000Z
Tokenbox,0.04724611926916,3838.22004588,2020-11-27T12:15:05.000Z
Pakcoin,0.00775669825019,97.6464729,2020-11-27T12:15:03.000Z
Shadow Token,0.07587465175565,0.0,2020-11-27T12:14:07.000Z
Tokes,0.00263480128531,115653.81534936,2020-11-27T12:14:05.000Z
Monarch,0.01453285589044,0.0,2020-10-23T03:17:54.000Z
FujiCoin,0.00016898586137,0.00101255,2020-11-27T12:14:08.000Z
Snetwork,0.00235150501216,29069.22921401,2020-11-27T12:15:05.000Z
OIN Finance,0.12645563278954,233979.33000921,2020-11-27T12:14:06.000Z
TON Token,0.01159450816078,30236.24859329,2020-11-27T12:14:06.000Z
OWNDATA,5.086773199e-05,12.77943345,2020-11-27T12:15:03.000Z
Hush,0.05058719931357,321453.44055191,2020-11-27T12:15:05.000Z
Smartshare,0.0001052679096,24932.7671874,2020-11-27T12:14:06.000Z
Dropil,2.283690609e-05,0.0,2020-10-23T03:17:35.000Z
DEEX,0.0091616493546,539.12414166,2020-11-27T12:15:05.000Z
Stably USD,0.99717649497651,5685.03831482,2020-11-27T12:15:06.000Z
Eterbase Utility Token,0.51149253263565,0.0,2020-11-27T12:14:06.000Z
Opacity,0.00619752201594,3653.40964868,2020-11-27T12:15:06.000Z
BeatzCoin,0.00022808024101,78.19834026,2020-11-27T12:14:06.000Z
ProChain,0.0100129024943,48.13342916,2020-11-27T12:15:04.000Z
DomRaider,0.00083855598916,0.0,2020-11-27T12:15:02.000Z
Omix,0.00053908708491,0.0,2020-11-27T12:14:06.000Z
EverGreenCoin,0.03370791261334,6.9239427,2020-11-27T12:15:03.000Z
HodlTree,0.10665745098046,1331.16660866,2020-11-27T12:14:07.000Z
Rapidz,0.00028160187126,1498.78059338,2020-11-27T12:15:03.000Z
ATC Coin,0.00118036712503,87.93331384,2020-11-27T12:14:06.000Z
Matryx,0.0206307780105,57478.54967784,2020-11-27T12:15:05.000Z
Datawallet,0.00123099911412,23414.68810319,2020-11-27T12:15:05.000Z
Insureum,0.00224116214691,206211.13744396,2020-11-27T12:15:05.000Z
VeriumReserve,0.16289066325406,922.34549271,2020-11-27T12:15:04.000Z
OLXA,0.00035004413442,2366.78564549,2020-11-27T12:14:06.000Z
Scala,5.015455222e-05,224.08576057,2020-11-27T12:15:06.000Z
ImageCoin,0.04445780089013,4178006.34155479,2020-11-27T12:15:03.000Z
Japan Content Token,0.00160597845744,0.0,2020-11-27T12:14:06.000Z
Zen Protocol,0.02073877433165,218.89422059,2020-11-27T12:15:03.000Z
Nasdacoin,0.02019869893841,135761.5553886,2020-11-27T12:15:03.000Z
Patientory,0.00669566349884,3492.92775894,2020-11-27T12:14:06.000Z
COVA,0.00018707477161,184771.18283501,2020-11-27T12:15:06.000Z
Coinlancer,0.00584052954886,0.0,2020-11-27T12:15:05.000Z
Ixcoin,0.02192110375055,0.0,2020-11-27T12:15:02.000Z
Patron,0.00116408551237,6888.6005745,2020-11-27T12:14:06.000Z
Ultimate Secure Cash,0.04469585599663,523.01619632,2020-11-27T12:15:06.000Z
Havy,5.873438902e-05,0.0,2020-11-27T12:15:03.000Z
Banca,2.538729472e-05,36504.27065511,2020-11-27T12:15:06.000Z
CoinUs,0.00133776435335,411.4029428,2020-11-27T12:15:06.000Z
Infinitus Token,0.0112174199934,22314.41252005,2020-11-27T12:14:07.000Z
eXPerience Chain,4.92285995e-06,29155.28289531,2020-11-27T12:14:05.000Z
MobileGo,0.00454111038886,394112.92720897,2020-11-27T12:14:05.000Z
Project WITH,0.00135188689097,49384.66395733,2020-11-27T12:14:06.000Z
Zebi Token,0.00095952807367,1809.38470925,2020-11-27T12:14:06.000Z
OVCODE,0.01017145443228,0.0,2020-11-27T12:14:06.000Z
Digital Insurance Token,0.00199141121416,5.38279448,2020-11-27T12:15:03.000Z
Heart Number,0.0002039127593,179693.7309958,2020-11-27T12:15:04.000Z
Pigeoncoin,6.720387504e-05,47378.03012166,2020-11-27T12:14:07.000Z
Leading Coin 4 Entrepreneurs,0.08280307207186,0.0,2020-11-27T12:14:07.000Z
AAX Token,0.12716386167764,640624.32855408,2020-11-27T12:15:05.000Z
On.Live,0.02054777731857,2893.52552786,2020-11-27T12:14:06.000Z
NativeCoin,0.0200662411255,3421.51157891,2020-11-27T12:15:06.000Z
DeltaChain,5.863265356e-05,0.0,2020-11-27T12:15:03.000Z
STK,0.00129671759878,23608.14507391,2020-11-27T12:15:06.000Z
Add.xyz,0.02085262475083,734521.82640848,2020-11-27T12:14:05.000Z
MintMe.com Coin,0.00236073425006,3437.39193293,2020-11-27T12:15:04.000Z
Shard,0.02172646827216,4.02980199,2020-11-27T12:15:04.000Z
Ether-1,0.00793415430338,22342.69859788,2020-11-27T12:15:05.000Z
ITO Utility Token,0.00320385362508,97.78810015,2020-11-27T12:15:06.000Z
Phantasma Energy,0.01648336699837,4193.45066573,2020-11-27T12:15:03.000Z
BOMB,0.47412340088591,58831.17703613,2020-11-27T12:14:07.000Z
Rate3,0.00048870780679,135852.12919155,2020-11-27T12:14:06.000Z
ECOSC,0.4994024310269,106364.78450862,2020-11-27T12:15:05.000Z
Orbitcoin,0.13321286125332,0.89055549,2020-11-27T12:15:03.000Z
Infinitecoin,4.7292943e-06,1646.92598436,2020-11-27T12:15:03.000Z
HOQU,0.0025318673489,2171548.85617486,2020-11-27T12:15:05.000Z
FYDcoin,0.00084594558427,740.33569326,2020-11-27T12:15:06.000Z
ICE ROCK MINING,0.02704720908565,35971.92324655,2020-11-27T12:14:07.000Z
MESG,0.00585881704612,0.0,2020-10-23T03:17:49.000Z
StableXSwap,0.03522067652091,0.0,2020-11-27T12:15:04.000Z
Sparkle Loyalty,0.14046987729693,21627.64786291,2020-11-27T12:14:06.000Z
Sakura Bloom,0.0001625833437,19764.89170868,2020-11-27T12:15:07.000Z
Essentia,0.00046493627624,7621.488417,2020-11-27T12:14:07.000Z
Fast Access Blockchain,0.01477711121861,306.80616631,2020-11-27T12:14:07.000Z
FLIP,0.00741945050018,170.91805997,2020-11-27T12:15:06.000Z
YGGDRASH,7.578577184e-05,41975.72646873,2020-11-27T12:15:05.000Z
Flixxo,0.0048912446185,128.69843193,2020-11-27T12:15:04.000Z
Primalbase Token,326.8186558918056,158.86493251,2020-11-27T12:14:06.000Z
NPCoin,0.00556458787514,2942.17554748,2020-11-27T12:15:03.000Z
PIXEL,0.01075007677906,303865.30496483,2020-11-27T12:14:07.000Z
Bitgear,0.00631190653937,17531.0890075,2020-11-27T12:15:05.000Z
ASKO,0.00407450015295,184641.57743029,2020-11-27T12:14:05.000Z
SIBCoin,0.02098262461248,777.76150194,2020-11-27T12:15:03.000Z
TigerCash,0.00703083365918,2259579.85533205,2020-11-27T12:14:06.000Z
Rotten,0.00997977035628,27185.48911416,2020-11-27T12:14:07.000Z
Catex Token,0.00049902442723,101248.96710786,2020-11-27T12:14:07.000Z
Winco,0.00080939460002,31.14842029,2020-11-27T12:15:06.000Z
NeuroChain,0.00087394530958,46688.06824097,2020-11-27T12:14:06.000Z
BitcoinZ,4.864012013e-05,17078.21471344,2020-11-27T12:14:07.000Z
Bitblocks,0.00152087275234,611.93316467,2020-11-27T12:14:07.000Z
DACSEE,0.00050587162501,0.0,2020-11-27T12:14:07.000Z
IP Exchange,0.00040260138018,0.0,2020-10-23T03:17:36.000Z
Quasarcoin,0.00224368550765,5427.63934702,2020-11-27T12:15:05.000Z
FansTime,0.00013235497665,294299.2074004,2020-11-27T12:14:06.000Z
Egoras Dollar,0.04974219,0.0,2020-09-01T03:33:15.000Z
AidCoin,0.00848107896287,306.05591236,2020-11-27T12:15:05.000Z
Snovian.Space,0.00103815424121,0.0,2020-10-23T03:17:29.000Z
Delphy,0.00600774149658,245.81429723,2020-11-27T12:15:03.000Z
Aeron,0.01857020669935,27716.38444143,2020-11-27T12:15:03.000Z
AtromG8,0.02921943264425,10573.47093106,2020-11-27T12:15:05.000Z
ZPER,0.00031669036691,183.86312949,2020-11-27T12:14:07.000Z
Phoenixcoin,0.00455391740343,108.67922397,2020-11-27T12:15:03.000Z
BitScreener Token,0.00435846822423,3606.57920627,2020-11-27T12:14:07.000Z
PetroDollar,0.00573321175014,0.0,2020-11-27T12:15:04.000Z
pEOS,0.00043980319092,1664.70802469,2020-11-27T12:14:07.000Z
Antiample,0.00079213707933,70.39372552,2020-11-27T12:14:07.000Z
4THPILLAR TECHNOLOGIES,0.00292886694081,425099.79244008,2020-11-27T12:15:04.000Z
MineBee,0.00020022824926,0.0,2020-10-23T03:17:54.000Z
CannabisCoin,0.00472146850012,0.0,2020-11-27T12:15:05.000Z
StarDEX,0.06556667895881,5755.3762434,2020-11-27T12:14:08.000Z
Debitum,0.00171697617654,40074.43683024,2020-11-27T12:15:06.000Z
Evedo,0.02576185883021,830860.59659362,2020-11-27T12:14:06.000Z
GoldMint,0.18448188052274,1232.11276381,2020-11-27T12:15:05.000Z
DPRating,0.0001382817579,9219.49827312,2020-11-27T12:15:03.000Z
ExclusiveCoin,0.05987558067473,834.88698882,2020-11-27T12:15:06.000Z
Bitsdaq,0.00013049328572,251.26112612,2020-11-27T12:14:07.000Z
PiplCoin,0.00202348650005,0.0,2020-11-27T12:15:02.000Z
SmileyCoin,2.206426876e-05,73.82869193,2020-11-27T12:14:07.000Z
Proxeus,0.00124576848031,0.0,2020-10-23T03:17:37.000Z
SovranoCoin,0.2690986238597,15.19894397,2020-11-27T12:15:06.000Z
Transcodium,0.00541028403527,15192.6550268,2020-11-27T12:14:06.000Z
Unify,0.01909540233494,3566.25725808,2020-11-27T12:14:06.000Z
StrongHands,2.059685289e-05,156.34653251,2020-11-27T12:15:03.000Z
